day;timestamp;product;bid_price_1;bid_volume_1;bid_price_2;bid_volume_2;bid_price_3;bid_volume_3;ask_price_1;ask_volume_1;ask_price_2;ask_volume_2;ask_price_3;ask_volume_3;mid_price;profit_and_loss
-1;0;RAINFOREST_RESIN;10002;1;9996;2;9995;29;10004;2;10005;29;;;10003.0;0.0
-1;0;KELP;2028;1;2026;2;2025;29;2029;31;;;;;2028.5;0.0
-1;100;KELP;2025;24;;;;;2028;2;2029;22;;;2026.5;0.0
-1;100;RAINFOREST_RESIN;9996;2;9995;22;;;10004;2;10005;22;;;10000.0;0.0
-1;200;RAINFOREST_RESIN;9995;20;;;;;10005;20;;;;;10000.0;0.0
-1;200;KELP;2025;22;;;;;2028;20;;;;;2026.5;0.0
-1;300;KELP;2025;31;;;;;2028;2;2029;29;;;2026.5;0.0
-1;300;RAINFOREST_RESIN;9996;2;9995;29;;;10004;2;10005;29;;;10000.0;0.0
-1;400;RAINFOREST_RESIN;9996;2;9995;25;;;10004;2;10005;25;;;10000.0;0.0
-1;400;KELP;2025;27;;;;;2028;27;;;;;2026.5;0.0
-1;500;KELP;2025;30;;;;;2028;30;;;;;2026.5;0.0
-1;500;RAINFOREST_RESIN;9995;30;;;;;10002;4;10005;30;;;9998.5;0.0
-1;600;RAINFOREST_RESIN;10000;5;9995;25;;;10005;25;;;;;10002.5;0.0
-1;600;KELP;2026;5;2025;31;;;2028;25;;;;;2027.0;0.0
-1;700;KELP;2025;2;2024;23;;;2028;23;;;;;2026.5;0.0
-1;700;RAINFOREST_RESIN;9995;23;;;;;10005;23;;;;;10000.0;0.0
-1;800;RAINFOREST_RESIN;9996;1;9995;29;;;10004;1;10005;29;;;10000.0;0.0
-1;800;KELP;2024;1;2023;29;;;2027;30;;;;;2025.5;0.0
-1;900;KELP;2024;23;;;;;2027;23;;;;;2025.5;0.0
-1;900;RAINFOREST_RESIN;9996;1;9995;22;;;10004;1;10005;22;;;10000.0;0.0
-1;1000;RAINFOREST_RESIN;9995;26;;;;;10005;26;;;;;10000.0;0.0
-1;1000;KELP;2024;26;;;;;2026;6;2027;26;;;2025.0;0.0
-1;1100;KELP;2025;6;2024;26;;;2027;2;2028;24;;;2026.0;0.0
-1;1100;RAINFOREST_RESIN;9996;2;9995;24;;;10004;2;10005;24;;;10000.0;0.0
-1;1200;RAINFOREST_RESIN;9995;21;;;;;9998;1;10005;21;;;9996.5;0.0
-1;1200;KELP;2024;21;;;;;2026;8;2028;21;;;2025.0;0.0
-1;1300;KELP;2024;31;;;;;2028;31;;;;;2026.0;0.0
-1;1300;RAINFOREST_RESIN;10002;1;9996;1;9995;30;10004;1;10005;30;;;10003.0;2.0
-1;1400;RAINFOREST_RESIN;9996;1;9995;25;;;10004;1;10005;25;;;10000.0;2.0
-1;1400;KELP;2025;3;2024;25;;;2028;26;;;;;2026.5;0.0
-1;1500;KELP;2024;27;;;;;2028;27;;;;;2026.0;0.0
-1;1500;RAINFOREST_RESIN;9995;27;;;;;10005;27;;;;;10000.0;2.0
-1;1600;RAINFOREST_RESIN;9995;29;;;;;10005;29;;;;;10000.0;2.0
-1;1600;KELP;2024;29;;;;;2026;4;2028;29;;;2025.0;0.0
-1;1700;KELP;2024;22;;;;;2026;8;2028;22;;;2025.0;0.0
-1;1700;RAINFOREST_RESIN;9996;2;9995;20;;;10002;1;10004;2;10005;20;9999.0;2.0
-1;1800;RAINFOREST_RESIN;10002;1;9996;1;9995;22;10004;1;10005;22;;;10003.0;2.0
-1;1800;KELP;2024;23;;;;;2028;23;;;;;2026.0;0.0
-1;1900;KELP;2024;29;;;;;2026;5;2027;29;;;2025.0;0.0
-1;1900;RAINFOREST_RESIN;9996;1;9995;28;;;10004;1;10005;28;;;10000.0;2.0
-1;2000;KELP;2024;26;;;;;2027;26;;;;;2025.5;0.0
-1;2000;RAINFOREST_RESIN;9996;2;9995;24;;;9998;1;10004;2;10005;24;9997.0;2.0
-1;2100;RAINFOREST_RESIN;9996;2;9995;25;;;10002;3;10004;2;10005;25;9999.0;4.0
-1;2100;KELP;2024;27;;;;;2027;2;2028;25;;;2025.5;0.0
-1;2200;RAINFOREST_RESIN;9998;8;9996;1;9995;24;10004;1;10005;24;;;10001.0;4.0
-1;2200;KELP;2024;25;;;;;2026;7;2027;1;2028;24;2025.0;0.0
-1;2300;KELP;2024;32;;;;;2028;32;;;;;2026.0;0.0
-1;2300;RAINFOREST_RESIN;9998;7;9996;2;9995;30;10004;2;10005;30;;;10001.0;4.0
-1;2400;KELP;2024;29;;;;;2025;1;2028;29;;;2024.5;0.0
-1;2400;RAINFOREST_RESIN;9995;29;;;;;10005;29;;;;;10000.0;4.0
-1;2500;RAINFOREST_RESIN;9996;1;9995;22;;;10004;1;10005;22;;;10000.0;4.0
-1;2500;KELP;2025;2;2024;23;;;2027;1;2028;22;;;2026.0;0.0
-1;2600;RAINFOREST_RESIN;9995;23;;;;;10005;23;;;;;10000.0;4.0
-1;2600;KELP;2025;3;2024;23;;;2028;23;;;;;2026.5;0.0
-1;2700;KELP;2024;26;;;;;2027;26;;;;;2025.5;0.0
-1;2700;RAINFOREST_RESIN;9998;6;9995;26;;;10005;26;;;;;10001.5;4.0
-1;2800;KELP;2023;25;;;;;2027;25;;;;;2025.0;0.0
-1;2800;RAINFOREST_RESIN;9995;25;;;;;10005;25;;;;;10000.0;4.0
-1;2900;RAINFOREST_RESIN;9996;1;9995;25;;;10004;1;10005;25;;;10000.0;4.0
-1;2900;KELP;2023;26;;;;;2027;26;;;;;2025.0;0.0
-1;3000;RAINFOREST_RESIN;9998;1;9995;26;;;10005;26;;;;;10001.5;9.0
-1;3000;KELP;2024;29;;;;;2027;26;;;;;2025.5;0.0
-1;3100;KELP;2023;26;;;;;2025;5;2026;26;;;2024.0;0.0
-1;3100;RAINFOREST_RESIN;9996;2;9995;24;;;10004;2;10005;24;;;10000.0;10.0
-1;3200;KELP;2023;23;;;;;2025;3;2026;23;;;2024.0;1.006591796875
-1;3200;RAINFOREST_RESIN;9996;1;9995;22;;;10004;1;10005;22;;;10000.0;14.0
-1;3300;RAINFOREST_RESIN;9996;2;9995;30;;;10004;2;10005;30;;;10000.0;18.0
-1;3300;KELP;2023;32;;;;;2025;2;2026;32;;;2024.0;2.57568359375
-1;3400;RAINFOREST_RESIN;9996;2;9995;24;;;10004;2;10005;24;;;10000.0;18.0
-1;3400;KELP;2023;26;;;;;2026;26;;;;;2024.5;2.4658203125
-1;3500;KELP;2023;26;;;;;2026;26;;;;;2024.5;2.5322265625
-1;3500;RAINFOREST_RESIN;9995;26;;;;;10005;26;;;;;10000.0;18.0
-1;3600;KELP;2023;21;;;;;2026;21;;;;;2024.5;2.51904296875
-1;3600;RAINFOREST_RESIN;9995;21;;;;;9998;4;10005;21;;;9996.5;18.0
-1;3700;RAINFOREST_RESIN;10002;1;9996;1;9995;23;10004;1;10005;23;;;10003.0;26.0
-1;3700;KELP;2023;27;;;;;2026;24;;;;;2024.5;1.31103515625
-1;3800;RAINFOREST_RESIN;9996;2;9995;23;;;10002;10;10004;2;10005;23;9999.0;28.0
-1;3800;KELP;2023;25;;;;;2026;25;;;;;2024.5;1.27001953125
-1;3900;KELP;2023;28;;;;;2026;26;;;;;2024.5;1.61669921875
-1;3900;RAINFOREST_RESIN;9998;1;9996;1;9995;25;10004;1;10005;25;;;10001.0;30.0
-1;4000;KELP;2023;32;;;;;2026;32;;;;;2024.5;2.3994140625
-1;4000;RAINFOREST_RESIN;9996;2;9995;30;;;10004;2;10005;30;;;10000.0;30.0
-1;4100;RAINFOREST_RESIN;9996;2;9995;27;;;10004;2;10005;27;;;10000.0;30.0
-1;4100;KELP;2023;29;;;;;2027;29;;;;;2025.0;3.88623046875
-1;4200;RAINFOREST_RESIN;9996;2;9995;24;;;10002;4;10004;2;10005;24;9999.0;30.0
-1;4200;KELP;2023;26;;;;;2027;26;;;;;2025.0;3.82568359375
-1;4300;KELP;2023;29;;;;;2024;5;2026;22;;;2023.5;2.2998046875
-1;4300;RAINFOREST_RESIN;9995;22;;;;;9998;1;10000;6;10005;22;9996.5;40.0
-1;4400;KELP;2023;30;;;;;2026;30;;;;;2024.5;2.50830078125
-1;4400;RAINFOREST_RESIN;9995;30;;;;;10005;30;;;;;10000.0;42.0
-1;4500;RAINFOREST_RESIN;9996;1;9995;28;;;10002;10;10004;1;10005;28;9999.0;42.0
-1;4500;KELP;2023;28;;;;;2026;29;;;;;2024.5;2.13818359375
-1;4600;RAINFOREST_RESIN;9996;1;9995;29;;;10002;10;10004;1;10005;29;9999.0;42.0
-1;4600;KELP;2023;30;;;;;2026;30;;;;;2024.5;2.22802734375
-1;4700;KELP;2023;25;;;;;2025;3;2026;32;;;2024.0;2.99853515625
-1;4700;RAINFOREST_RESIN;9996;2;9995;30;;;10004;2;10005;30;;;10000.0;42.0
-1;4800;KELP;2023;24;;;;;2027;24;;;;;2025.0;3.85986328125
-1;4800;RAINFOREST_RESIN;9998;6;9996;2;9995;22;10004;2;10005;22;;;10001.0;42.0
-1;4900;RAINFOREST_RESIN;9995;22;;;;;10002;7;10005;22;;;9998.5;42.0
-1;4900;KELP;2023;22;;;;;2027;22;;;;;2025.0;4.0537109375
-1;5000;RAINFOREST_RESIN;9998;3;9996;2;9995;28;10004;2;10005;28;;;10001.0;42.0
-1;5000;KELP;2023;30;;;;;2026;30;;;;;2024.5;3.20703125
-1;5100;KELP;2023;37;;;;;2026;31;;;;;2024.5;3.250244140625
-1;5100;RAINFOREST_RESIN;9996;1;9995;30;;;10004;1;10005;30;;;10000.0;42.0
-1;5200;KELP;2023;35;;;;;2026;27;;;;;2024.5;3.186279296875
-1;5200;RAINFOREST_RESIN;9998;9;9996;1;9995;26;10004;1;10005;26;;;10001.0;42.0
-1;5300;RAINFOREST_RESIN;9996;1;9995;20;;;10004;1;10005;20;;;10000.0;42.0
-1;5300;KELP;2025;1;2023;21;;;2026;21;;;;;2025.5;3.269775390625
-1;5400;RAINFOREST_RESIN;9995;21;;;;;10005;21;;;;;10000.0;42.0
-1;5400;KELP;2023;21;;;;;2025;6;2027;21;;;2024.0;3.96240234375
-1;5500;KELP;2023;27;;;;;2027;27;;;;;2025.0;4.188232421875
-1;5500;RAINFOREST_RESIN;9995;27;;;;;10005;27;;;;;10000.0;42.0
-1;5600;KELP;2025;2;2023;28;;;2027;28;;;;;2026.0;4.284912109375
-1;5600;RAINFOREST_RESIN;9995;28;;;;;10005;28;;;;;10000.0;42.0
-1;5700;RAINFOREST_RESIN;9998;2;9995;27;;;10005;27;;;;;10001.5;42.0
-1;5700;KELP;2024;26;;;;;2027;27;;;;;2025.5;4.464111328125
-1;5800;RAINFOREST_RESIN;9996;1;9995;30;;;10004;1;10005;30;;;10000.0;42.0
-1;5800;KELP;2024;31;;;;;2027;31;;;;;2025.5;5.1328125
-1;5900;KELP;2024;35;;;;;2027;30;;;;;2025.5;4.974853515625
-1;5900;RAINFOREST_RESIN;9996;2;9995;28;;;10004;2;10005;28;;;10000.0;42.0
-1;6000;KELP;2024;30;;;;;2027;30;;;;;2025.5;4.877685546875
-1;6000;RAINFOREST_RESIN;9995;30;;;;;10005;30;;;;;10000.0;42.0
-1;6100;RAINFOREST_RESIN;9996;1;9995;24;;;10004;1;10005;24;;;10000.0;42.0
-1;6100;KELP;2024;24;;;;;2027;25;;;;;2025.5;4.87890625
-1;6200;RAINFOREST_RESIN;9996;1;9995;21;;;10004;1;10005;21;;;10000.0;42.0
-1;6200;KELP;2024;22;;;;;2027;22;;;;;2025.5;4.984619140625
-1;6300;KELP;2024;30;;;;;2027;25;;;;;2025.5;5.431884765625
-1;6300;RAINFOREST_RESIN;9996;2;9995;23;;;10004;2;10005;23;;;10000.0;42.0
-1;6400;KELP;2024;25;;;;;2027;25;;;;;2025.5;5.38818359375
-1;6400;RAINFOREST_RESIN;9996;1;9995;24;;;10004;1;10005;24;;;10000.0;42.0
-1;6500;RAINFOREST_RESIN;9996;1;9995;26;;;9998;1;10004;1;10005;26;9997.0;42.0
-1;6500;KELP;2024;27;;;;;2027;27;;;;;2025.5;4.961669921875
-1;6600;RAINFOREST_RESIN;9996;2;9995;24;;;10004;2;10005;24;;;10000.0;44.0
-1;6600;KELP;2024;26;;;;;2028;26;;;;;2026.0;5.963623046875
-1;6700;KELP;2025;7;2024;20;;;2028;20;;;;;2026.5;6.264404296875
-1;6700;RAINFOREST_RESIN;9995;20;;;;;10002;3;10005;20;;;9998.5;44.0
-1;6800;KELP;2024;32;;;;;2026;8;2027;2;2028;30;2025.0;5.577880859375
-1;6800;RAINFOREST_RESIN;9996;2;9995;30;;;10004;2;10005;30;;;10000.0;44.0
-1;6900;RAINFOREST_RESIN;9996;1;9995;26;;;10002;5;10004;1;10005;26;9999.0;44.0
-1;6900;KELP;2024;27;;;;;2026;1;2027;27;;;2025.0;5.231201171875
-1;7000;RAINFOREST_RESIN;9998;2;9995;27;;;10005;27;;;;;10001.5;44.0
-1;7000;KELP;2026;4;2024;27;;;2027;27;;;;;2026.5;5.3369140625
-1;7100;KELP;2024;30;;;;;2027;30;;;;;2025.5;4.930908203125
-1;7100;RAINFOREST_RESIN;9996;1;9995;29;;;10004;1;10005;29;;;10000.0;44.0
-1;7200;KELP;2024;28;;;;;2027;28;;;;;2025.5;4.7119140625
-1;7200;RAINFOREST_RESIN;9998;5;9996;1;9995;27;10004;1;10005;27;;;10001.0;44.0
-1;7300;RAINFOREST_RESIN;10002;1;9996;2;9995;29;10004;2;10005;29;;;10003.0;44.0
-1;7300;KELP;2024;35;;;;;2027;31;;;;;2025.5;4.695556640625
-1;7400;RAINFOREST_RESIN;9996;1;9995;22;;;10004;1;10005;22;;;10000.0;46.0
-1;7400;KELP;2024;22;;;;;2027;23;;;;;2025.5;4.793701171875
-1;7500;KELP;2024;25;;;;;2027;25;;;;;2025.5;4.95751953125
-1;7500;RAINFOREST_RESIN;9995;25;;;;;10002;10;10005;25;;;9998.5;46.0
-1;7600;KELP;2024;22;;;;;2027;22;;;;;2025.5;4.9189453125
-1;7600;RAINFOREST_RESIN;9996;2;9995;20;;;10004;2;10005;20;;;10000.0;46.0
-1;7700;RAINFOREST_RESIN;9995;22;;;;;10005;22;;;;;10000.0;46.0
-1;7700;KELP;2024;21;;;;;2027;22;;;;;2025.5;4.87841796875
-1;7800;RAINFOREST_RESIN;9998;3;9996;1;9995;22;10004;1;10005;22;;;10001.0;46.0
-1;7800;KELP;2024;23;;;;;2027;23;;;;;2025.5;4.84228515625
-1;7900;KELP;2024;31;;;;;2027;27;;;;;2025.5;4.8203125
-1;7900;RAINFOREST_RESIN;9996;1;9995;26;;;10004;1;10005;26;;;10000.0;46.0
-1;8000;KELP;2024;27;;;;;2026;8;2027;27;;;2025.0;4.60888671875
-1;8000;RAINFOREST_RESIN;9995;27;;;;;10005;27;;;;;10000.0;46.0
-1;8100;RAINFOREST_RESIN;9996;1;9995;22;;;10004;1;10005;22;;;10000.0;46.0
-1;8100;KELP;2023;23;;;;;2027;23;;;;;2025.0;3.83740234375
-1;8200;RAINFOREST_RESIN;9995;23;;;;;10005;23;;;;;10000.0;56.0
-1;8200;KELP;2023;23;;;;;2025;1;2026;23;;;2024.0;3.53662109375
-1;8300;KELP;2023;30;;;;;2026;30;;;;;2024.5;2.83984375
-1;8300;RAINFOREST_RESIN;9996;1;9995;29;;;10004;1;10005;29;;;10000.0;56.0
-1;8400;RAINFOREST_RESIN;9995;28;;;;;10005;28;;;;;10000.0;56.0
-1;8400;KELP;2023;28;;;;;2026;28;;;;;2024.5;2.87548828125
-1;8500;KELP;2023;31;;;;;2026;31;;;;;2024.5;2.7177734375
-1;8500;RAINFOREST_RESIN;9998;10;9996;2;9995;29;10004;2;10005;29;;;10001.0;56.0
-1;8600;RAINFOREST_RESIN;9996;1;9995;22;;;10004;1;10005;22;;;10000.0;56.0
-1;8600;KELP;2023;22;;;;;2026;23;;;;;2024.5;3.0439453125
-1;8700;KELP;2023;27;;;;;2025;4;2026;27;;;2024.0;3.387451171875
-1;8700;RAINFOREST_RESIN;9998;10;9995;27;;;10005;27;;;;;10001.5;56.0
-1;8800;RAINFOREST_RESIN;9995;25;;;;;9998;1;10005;25;;;9996.5;56.0
-1;8800;KELP;2024;7;2023;25;;;2027;25;;;;;2025.5;3.98193359375
-1;8900;KELP;2024;1;2023;26;;;2027;26;;;;;2025.5;3.8779296875
-1;8900;RAINFOREST_RESIN;9998;9;9995;26;;;10005;26;;;;;10001.5;58.0
-1;9000;RAINFOREST_RESIN;9996;2;9995;29;;;10004;2;10005;29;;;10000.0;58.0
-1;9000;KELP;2023;31;;;;;2027;31;;;;;2025.0;3.834716796875
-1;9100;KELP;2023;29;;;;;2026;2;2027;27;;;2024.5;3.6689453125
-1;9100;RAINFOREST_RESIN;9998;3;9996;2;9995;27;10004;2;10005;27;;;10001.0;58.0
-1;9200;RAINFOREST_RESIN;9998;10;9995;27;;;10005;27;;;;;10001.5;58.0
-1;9200;KELP;2023;27;;;;;2025;7;2026;27;;;2024.0;3.563232421875
-1;9300;KELP;2023;21;;;;;2026;21;;;;;2024.5;3.199951171875
-1;9300;RAINFOREST_RESIN;9996;1;9995;20;;;10004;1;10005;20;;;10000.0;58.0
-1;9400;RAINFOREST_RESIN;9998;2;9996;2;9995;21;10004;2;10005;21;;;10001.0;58.0
-1;9400;KELP;2023;23;;;;;2026;23;;;;;2024.5;3.030029296875
-1;9500;KELP;2023;35;;;;;2026;31;;;;;2024.5;3.1689453125
-1;9500;RAINFOREST_RESIN;9996;1;9995;30;;;10004;1;10005;30;;;10000.0;58.0
-1;9600;RAINFOREST_RESIN;9996;1;9995;30;;;10004;1;10005;30;;;10000.0;58.0
-1;9600;KELP;2023;31;;;;;2026;31;;;;;2024.5;2.86328125
-1;9700;KELP;2023;22;;;;;2026;22;;;;;2024.5;2.861083984375
-1;9700;RAINFOREST_RESIN;9995;22;;;;;10002;1;10005;22;;;9998.5;58.0
-1;9800;RAINFOREST_RESIN;9995;26;;;;;10005;26;;;;;10000.0;58.0
-1;9800;KELP;2023;26;;;;;2026;26;;;;;2024.5;2.957763671875
-1;9900;KELP;2025;4;2023;25;;;2026;25;;;;;2025.5;3.343505859375
-1;9900;RAINFOREST_RESIN;9995;25;;;;;10005;25;;;;;10000.0;58.0
-1;10000;RAINFOREST_RESIN;9995;28;;;;;10005;28;;;;;10000.0;58.0
-1;10000;KELP;2023;36;;;;;2026;28;;;;;2024.5;3.298095703125
-1;10100;KELP;2023;25;;;;;2026;25;;;;;2024.5;3.123291015625
-1;10100;RAINFOREST_RESIN;9996;1;9995;24;;;10002;3;10004;1;10005;24;9999.0;58.0
-1;10200;RAINFOREST_RESIN;9996;2;9995;26;;;10004;2;10005;26;;;10000.0;58.0
-1;10200;KELP;2022;28;;;;;2026;28;;;;;2024.0;1.95751953125
-1;10300;KELP;2024;1;2022;35;;;2025;27;;;;;2024.5;0.796875
-1;10300;RAINFOREST_RESIN;9998;4;9995;27;;;10005;27;;;;;10001.5;58.0
-1;10400;RAINFOREST_RESIN;10002;1;9996;1;9995;28;10004;1;10005;28;;;10003.0;58.0
-1;10400;KELP;2023;1;2022;29;;;2026;29;;;;;2024.5;2.09326171875
-1;10500;KELP;2023;2;2022;29;;;2026;31;;;;;2024.5;2.280029296875
-1;10500;RAINFOREST_RESIN;9998;4;9996;2;9995;29;10004;2;10005;29;;;10001.0;60.0
-1;10600;RAINFOREST_RESIN;9996;2;9995;29;;;10000;4;10004;2;10005;29;9998.0;60.0
-1;10600;KELP;2022;31;;;;;2023;4;2024;4;2025;31;2022.5;1.155029296875
-1;10700;KELP;2022;29;;;;;2025;28;;;;;2023.5;0.923095703125
-1;10700;RAINFOREST_RESIN;9998;8;9995;28;;;10005;28;;;;;10001.5;60.0
-1;10800;RAINFOREST_RESIN;9998;5;9996;2;9995;22;10004;2;10005;22;;;10001.0;60.0
-1;10800;KELP;2022;27;;;;;2025;24;;;;;2023.5;1.09912109375
-1;10900;KELP;2022;35;;;;;2025;28;;;;;2023.5;1.046875
-1;10900;RAINFOREST_RESIN;9996;1;9995;27;;;10004;1;10005;27;;;10000.0;65.0
-1;11000;KELP;2024;7;2022;24;;;2025;24;;;;;2024.5;1.04150390625
-1;11000;RAINFOREST_RESIN;9995;24;;;;;10002;7;10005;24;;;9998.5;65.0
-1;11100;RAINFOREST_RESIN;9998;3;9995;21;;;10005;21;;;;;10001.5;65.0
-1;11100;KELP;2022;21;;;;;2025;21;;;;;2023.5;1.15869140625
-1;11200;RAINFOREST_RESIN;9996;2;9995;21;;;10002;7;10004;2;10005;21;9999.0;73.0
-1;11200;KELP;2022;23;;;;;2025;23;;;;;2023.5;0.998046875
-1;11300;KELP;2022;25;;;;;2025;22;;;;;2023.5;1.148681640625
-1;11300;RAINFOREST_RESIN;9996;1;9995;21;;;10004;1;10005;21;;;10000.0;73.0
-1;11400;KELP;2022;26;;;;;2025;26;;;;;2023.5;1.365478515625
-1;11400;RAINFOREST_RESIN;9996;1;9995;25;;;10004;1;10005;25;;;10000.0;73.0
-1;11500;RAINFOREST_RESIN;9996;1;9995;25;;;10002;7;10004;1;10005;25;9999.0;79.0
-1;11500;KELP;2022;26;;;;;2024;8;2025;26;;;2023.0;1.282470703125
-1;11600;RAINFOREST_RESIN;9996;2;9995;27;;;10002;2;10004;2;10005;27;9999.0;79.0
-1;11600;KELP;2022;29;;;;;2026;29;;;;;2024.0;2.2216796875
-1;11700;KELP;2022;23;;;;;2023;2;2026;23;;;2022.5;1.85009765625
-1;11700;RAINFOREST_RESIN;9996;2;9995;21;;;10004;2;10005;21;;;10000.0;79.0
-1;11800;KELP;2022;29;;;;;2024;4;2026;29;;;2023.0;2.364501953125
-1;11800;RAINFOREST_RESIN;9998;10;9995;29;;;10000;5;10005;29;;;9999.0;79.0
-1;11900;RAINFOREST_RESIN;9996;2;9995;30;;;10004;2;10005;30;;;10000.0;79.0
-1;11900;KELP;2023;2;2022;30;;;2024;3;2026;32;;;2023.5;2.283447265625
-1;12000;RAINFOREST_RESIN;10002;1;9995;20;;;10005;20;;;;;10003.5;79.0
-1;12000;KELP;2023;20;;;;;2026;20;;;;;2024.5;2.94189453125
-1;12100;KELP;2023;27;;;;;2025;1;2026;27;;;2024.0;2.91650390625
-1;12100;RAINFOREST_RESIN;9996;2;9995;25;;;10004;2;10005;25;;;10000.0;81.0
-1;12200;KELP;2023;34;;;;;2026;30;;;;;2024.5;2.89013671875
-1;12200;RAINFOREST_RESIN;9996;2;9995;28;;;10004;2;10005;28;;;10000.0;81.0
-1;12300;RAINFOREST_RESIN;9998;6;9996;1;9995;28;10004;1;10005;28;;;10001.0;81.0
-1;12300;KELP;2023;29;;;;;2026;29;;;;;2024.5;3.013671875
-1;12400;RAINFOREST_RESIN;9995;26;;;;;10005;26;;;;;10000.0;81.0
-1;12400;KELP;2023;30;;;;;2026;26;;;;;2024.5;3.112060546875
-1;12500;KELP;2023;19;;;;;2026;20;;;;;2024.5;2.862060546875
-1;12500;RAINFOREST_RESIN;9995;20;;;;;10005;20;;;;;10000.0;81.0
-1;12600;KELP;2023;22;;;;;2026;22;;;;;2024.5;2.61328125
-1;12600;RAINFOREST_RESIN;9995;22;;;;;10005;22;;;;;10000.0;81.0
-1;12700;RAINFOREST_RESIN;9996;2;9995;20;;;10004;2;10005;20;;;10000.0;81.0
-1;12700;KELP;2023;22;;;;;2026;22;;;;;2024.5;2.79931640625
-1;12800;RAINFOREST_RESIN;9996;2;9995;20;;;10004;2;10005;20;;;10000.0;81.0
-1;12800;KELP;2023;22;;;;;2026;22;;;;;2024.5;2.939697265625
-1;12900;KELP;2023;36;;;;;2026;29;;;;;2024.5;3.12060546875
-1;12900;RAINFOREST_RESIN;9996;1;9995;28;;;10002;3;10004;1;10005;28;9999.0;81.0
-1;13000;KELP;2025;1;2023;6;2022;20;2026;20;;;;;2025.5;2.28857421875
-1;13000;RAINFOREST_RESIN;10002;1;9995;20;;;10005;20;;;;;10003.5;81.0
-1;13100;RAINFOREST_RESIN;9996;1;9995;25;;;10004;1;10005;25;;;10000.0;83.0
-1;13100;KELP;2023;33;;;;;2026;26;;;;;2024.5;2.572509765625
-1;13200;RAINFOREST_RESIN;9998;2;9995;22;;;10005;22;;;;;10001.5;83.0
-1;13200;KELP;2022;22;;;;;2025;5;2026;22;;;2023.5;2.426513671875
-1;13300;KELP;2023;6;2022;24;;;2026;24;;;;;2024.5;2.36474609375
-1;13300;RAINFOREST_RESIN;9995;24;;;;;10005;24;;;;;10000.0;83.0
-1;13400;KELP;2023;32;;;;;2026;32;;;;;2024.5;2.440185546875
-1;13400;RAINFOREST_RESIN;9996;2;9995;30;;;10004;2;10005;30;;;10000.0;83.0
-1;13500;RAINFOREST_RESIN;9995;30;;;;;10005;30;;;;;10000.0;83.0
-1;13500;KELP;2022;30;;;;;2025;8;2026;30;;;2023.5;2.416015625
-1;13600;RAINFOREST_RESIN;9995;25;;;;;10002;10;10005;25;;;9998.5;83.0
-1;13600;KELP;2023;24;;;;;2025;3;2026;25;;;2024.0;2.722900390625
-1;13700;KELP;2023;25;;;;;2026;21;;;;;2024.5;2.7294921875
-1;13700;RAINFOREST_RESIN;9996;1;9995;20;;;9998;4;10004;1;10005;20;9997.0;83.0
-1;13800;KELP;2023;23;;;;;2026;22;;;;;2024.5;2.851318359375
-1;13800;RAINFOREST_RESIN;9996;2;9995;20;;;10004;2;10005;20;;;10000.0;91.0
-1;13900;RAINFOREST_RESIN;9996;2;9995;20;;;10000;6;10004;2;10005;20;9998.0;91.0
-1;13900;KELP;2023;22;;;;;2024;6;2025;4;2026;22;2023.5;2.584228515625
-1;14000;RAINFOREST_RESIN;9998;5;9996;2;9995;27;10004;2;10005;27;;;10001.0;91.0
-1;14000;KELP;2023;3;2022;29;;;2026;29;;;;;2024.5;2.215576171875
-1;14100;KELP;2023;25;;;;;2025;1;2026;25;;;2024.0;2.87451171875
-1;14100;RAINFOREST_RESIN;9996;2;9995;23;;;10004;2;10005;23;;;10000.0;91.0
-1;14200;KELP;2023;20;;;;;2026;21;;;;;2024.5;2.912841796875
-1;14200;RAINFOREST_RESIN;9995;21;;;;;10005;21;;;;;10000.0;91.0
-1;14300;RAINFOREST_RESIN;9996;2;9995;27;;;10004;2;10005;27;;;10000.0;91.0
-1;14300;KELP;2022;29;;;;;2026;29;;;;;2024.0;2.0048828125
-1;14400;RAINFOREST_RESIN;9996;1;9995;29;;;10004;1;10005;29;;;10000.0;91.0
-1;14400;KELP;2023;30;;;;;2026;30;;;;;2024.5;2.46044921875
-1;14500;KELP;2023;24;;;;;2026;24;;;;;2024.5;2.54150390625
-1;14500;RAINFOREST_RESIN;9995;24;;;;;10002;1;10005;24;;;9998.5;91.0
-1;14600;KELP;2022;28;;;;;2024;2;2026;28;;;2023.0;2.14990234375
-1;14600;RAINFOREST_RESIN;9996;2;9995;26;;;10000;2;10004;2;10005;26;9998.0;91.0
-1;14700;RAINFOREST_RESIN;9995;30;;;;;10002;7;10005;30;;;9998.5;91.0
-1;14700;KELP;2022;30;;;;;2025;30;;;;;2023.5;1.381591796875
-1;14800;RAINFOREST_RESIN;9995;28;;;;;10002;6;10005;28;;;9998.5;91.0
-1;14800;KELP;2022;28;;;;;2025;28;;;;;2023.5;1.359130859375
-1;14900;KELP;2023;4;2022;26;;;2025;26;;;;;2024.0;1.301513671875
-1;14900;RAINFOREST_RESIN;10000;4;9995;26;;;10005;26;;;;;10002.5;91.0
-1;15000;KELP;2024;8;2022;25;;;2025;25;;;;;2024.5;1.13818359375
-1;15000;RAINFOREST_RESIN;9998;1;9995;25;;;10005;25;;;;;10001.5;91.0
-1;15100;RAINFOREST_RESIN;9995;22;;;;;10005;22;;;;;10000.0;91.0
-1;15100;KELP;2022;27;;;;;2025;22;;;;;2023.5;0.769287109375
-1;15200;RAINFOREST_RESIN;9998;6;9995;27;;;10005;27;;;;;10001.5;91.0
-1;15200;KELP;2022;26;;;;;2025;27;;;;;2023.5;0.748291015625
-1;15300;KELP;2022;26;;;;;2024;4;2025;26;;;2023.0;0.677978515625
-1;15300;RAINFOREST_RESIN;9995;26;;;;;10002;1;10005;26;;;9998.5;91.0
-1;15400;KELP;2022;35;;;;;2025;30;;;;;2023.5;0.558349609375
-1;15400;RAINFOREST_RESIN;9996;2;9995;28;;;9998;1;10004;2;10005;28;9997.0;91.0
-1;15500;RAINFOREST_RESIN;10002;1;9996;2;9995;29;10004;2;10005;29;;;10003.0;93.0
-1;15500;KELP;2022;31;;;;;2024;8;2025;31;;;2023.0;0.803466796875
-1;15600;RAINFOREST_RESIN;9996;2;9995;24;;;10004;2;10005;24;;;10000.0;95.0
-1;15600;KELP;2022;31;;;;;2025;26;;;;;2023.5;1.006591796875
-1;15700;KELP;2022;25;;;;;2025;25;;;;;2023.5;1.32470703125
-1;15700;RAINFOREST_RESIN;10002;5;9996;1;9995;24;10004;1;10005;24;;;10003.0;95.0
-1;15800;KELP;2025;1;2022;22;;;2026;22;;;;;2025.5;2.018310546875
-1;15800;RAINFOREST_RESIN;9998;10;9996;2;9995;20;10004;2;10005;20;;;10001.0;105.0
-1;15900;RAINFOREST_RESIN;9996;2;9995;29;;;10000;6;10004;2;10005;29;9998.0;105.0
-1;15900;KELP;2023;31;;;;;2024;6;2025;2;2026;31;2023.5;3.3177490234375
-1;16000;RAINFOREST_RESIN;9996;2;9995;27;;;10002;6;10004;2;10005;27;9999.0;105.0
-1;16000;KELP;2023;29;;;;;2025;2;2026;29;;;2024.0;3.268310546875
-1;16100;KELP;2022;21;;;;;2023;2;2026;21;;;2022.5;2.828125
-1;16100;RAINFOREST_RESIN;9995;21;;;;;10000;2;10002;10;10005;21;9997.5;105.0
-1;16200;KELP;2022;24;;;;;2023;1;2026;24;;;2022.5;2.94384765625
-1;16200;RAINFOREST_RESIN;9995;24;;;;;9998;1;10005;24;;;9996.5;105.0
-1;16300;RAINFOREST_RESIN;9996;1;9995;22;;;10004;1;10005;22;;;10000.0;107.0
-1;16300;KELP;2023;2;2022;23;;;2026;23;;;;;2024.5;2.912353515625
-1;16400;RAINFOREST_RESIN;9996;2;9995;30;;;10002;3;10004;2;10005;30;9999.0;107.0
-1;16400;KELP;2023;2;2022;30;;;2026;32;;;;;2024.5;3.115234375
-1;16500;KELP;2023;2;2022;21;;;2026;23;;;;;2024.5;3.13818359375
-1;16500;RAINFOREST_RESIN;9996;2;9995;21;;;10002;7;10004;2;10005;21;9999.0;107.0
-1;16600;KELP;2022;30;;;;;2023;1;2026;30;;;2022.5;3.0367431640625
-1;16600;RAINFOREST_RESIN;9998;4;9996;2;9995;28;10004;2;10005;28;;;10001.0;107.0
-1;16700;RAINFOREST_RESIN;10002;1;9995;26;;;10005;26;;;;;10003.5;107.0
-1;16700;KELP;2025;1;2022;26;;;2026;26;;;;;2025.5;3.1204833984375
-1;16800;RAINFOREST_RESIN;9995;26;;;;;10005;26;;;;;10000.0;109.0
-1;16800;KELP;2022;26;;;;;2026;26;;;;;2024.0;4.0
-1;16900;KELP;2023;1;2022;25;;;2026;26;;;;;2024.5;4.0
-1;16900;RAINFOREST_RESIN;9996;1;9995;25;;;10004;1;10005;25;;;10000.0;119.0
-1;17000;KELP;2023;29;;;;;2026;29;;;;;2024.5;4.0
-1;17000;RAINFOREST_RESIN;9998;9;9995;29;;;10005;29;;;;;10001.5;119.0
-1;17100;KELP;2023;23;;;;;2026;23;;;;;2024.5;4.0
-1;17100;RAINFOREST_RESIN;9996;2;9995;21;;;10004;2;10005;21;;;10000.0;119.0
-1;17200;RAINFOREST_RESIN;9998;3;9996;2;9995;22;10004;2;10005;22;;;10001.0;119.0
-1;17200;KELP;2023;24;;;;;2026;24;;;;;2024.5;4.0
-1;17300;KELP;2023;25;;;;;2025;6;2026;25;;;2024.0;4.0
-1;17300;RAINFOREST_RESIN;9996;2;9995;23;;;10002;9;10004;2;10005;23;9999.0;119.0
-1;17400;RAINFOREST_RESIN;10000;6;9998;7;9995;28;10005;28;;;;;10002.5;119.0
-1;17400;KELP;2024;6;2023;28;;;2026;28;;;;;2025.0;4.0
-1;17500;KELP;2023;26;;;;;2027;26;;;;;2025.0;4.0
-1;17500;RAINFOREST_RESIN;9995;26;;;;;10005;26;;;;;10000.0;119.0
-1;17600;RAINFOREST_RESIN;9998;6;9995;30;;;10005;30;;;;;10001.5;119.0
-1;17600;KELP;2023;30;;;;;2026;30;;;;;2024.5;4.0
-1;17700;KELP;2025;1;2023;29;;;2026;29;;;;;2025.5;4.0
-1;17700;RAINFOREST_RESIN;9996;2;9995;27;;;10004;2;10005;27;;;10000.0;119.0
-1;17800;RAINFOREST_RESIN;9996;2;9995;24;;;10002;5;10004;2;10005;24;9999.0;119.0
-1;17800;KELP;2023;26;;;;;2026;2;2027;24;;;2024.5;4.0
-1;17900;KELP;2023;23;;;;;2027;23;;;;;2025.0;4.0
-1;17900;RAINFOREST_RESIN;9995;23;;;;;10005;23;;;;;10000.0;119.0
-1;18000;RAINFOREST_RESIN;9996;2;9995;25;;;10004;2;10005;25;;;10000.0;119.0
-1;18000;KELP;2023;27;;;;;2026;27;;;;;2024.5;4.0
-1;18100;KELP;2023;20;;;;;2027;20;;;;;2025.0;4.0
-1;18100;RAINFOREST_RESIN;9995;20;;;;;10005;20;;;;;10000.0;119.0
-1;18200;RAINFOREST_RESIN;9996;1;9995;25;;;10004;1;10005;25;;;10000.0;119.0
-1;18200;KELP;2024;21;;;;;2027;26;;;;;2025.5;4.0
-1;18300;KELP;2023;25;;;;;2027;25;;;;;2025.0;4.0
-1;18300;RAINFOREST_RESIN;9996;2;9995;23;;;10004;2;10005;23;;;10000.0;119.0
-1;18400;RAINFOREST_RESIN;9996;2;9995;23;;;10004;2;10005;23;;;10000.0;119.0
-1;18400;KELP;2024;25;;;;;2026;5;2027;25;;;2025.0;4.0
-1;18500;KELP;2024;29;;;;;2025;1;2027;29;;;2024.5;4.0
-1;18500;RAINFOREST_RESIN;9995;29;;;;;10000;2;10005;29;;;9997.5;119.0
-1;18600;RAINFOREST_RESIN;10002;1;9995;20;;;10005;20;;;;;10003.5;119.0
-1;18600;KELP;2024;20;;;;;2026;5;2027;20;;;2025.0;4.0
-1;18700;KELP;2024;22;;;;;2027;22;;;;;2025.5;4.0
-1;18700;RAINFOREST_RESIN;9995;22;;;;;10005;22;;;;;10000.0;121.0
-1;18800;RAINFOREST_RESIN;9996;2;9995;26;;;10004;2;10005;26;;;10000.0;121.0
-1;18800;KELP;2024;28;;;;;2027;28;;;;;2025.5;4.0
-1;18900;KELP;2024;22;;;;;2027;22;;;;;2025.5;4.0
-1;18900;RAINFOREST_RESIN;9998;2;9995;22;;;10005;22;;;;;10001.5;121.0
-1;19000;RAINFOREST_RESIN;9996;2;9995;26;;;10004;2;10005;26;;;10000.0;121.0
-1;19000;KELP;2024;18;;;;;2027;28;;;;;2025.5;4.0
-1;19100;KELP;2024;28;;;;;2027;28;;;;;2025.5;4.0
-1;19100;RAINFOREST_RESIN;9996;2;9995;26;;;10004;2;10005;26;;;10000.0;121.0
-1;19200;RAINFOREST_RESIN;9996;1;9995;20;;;9998;1;10004;1;10005;20;9997.0;121.0
-1;19200;KELP;2024;21;;;;;2027;21;;;;;2025.5;4.0
-1;19300;KELP;2024;23;;;;;2027;23;;;;;2025.5;4.0
-1;19300;RAINFOREST_RESIN;9996;2;9995;21;;;10004;2;10005;21;;;10000.0;123.0
-1;19400;RAINFOREST_RESIN;9995;26;;;;;10005;26;;;;;10000.0;126.0
-1;19400;KELP;2023;26;;;;;2027;26;;;;;2025.0;4.0
-1;19500;KELP;2024;23;;;;;2027;23;;;;;2025.5;4.0
-1;19500;RAINFOREST_RESIN;9995;23;;;;;10005;23;;;;;10000.0;126.0
-1;19600;RAINFOREST_RESIN;9996;2;9995;27;;;10004;2;10005;27;;;10000.0;126.0
-1;19600;KELP;2024;2;2023;27;;;2027;29;;;;;2025.5;4.0
-1;19700;KELP;2024;31;;;;;2026;7;2027;32;;;2025.0;4.0
-1;19700;RAINFOREST_RESIN;10002;1;9996;2;9995;30;10004;2;10005;30;;;10003.0;126.0
-1;19800;RAINFOREST_RESIN;9996;2;9995;29;;;10004;2;10005;29;;;10000.0;128.0
-1;19800;KELP;2024;31;;;;;2027;31;;;;;2025.5;4.0
-1;19900;KELP;2024;32;;;;;2027;32;;;;;2025.5;4.0
-1;19900;RAINFOREST_RESIN;9996;2;9995;30;;;10004;2;10005;30;;;10000.0;128.0
-1;20000;KELP;2024;2;2023;27;;;2027;27;;;;;2025.5;4.0
-1;20000;RAINFOREST_RESIN;9995;27;;;;;10002;4;10005;27;;;9998.5;128.0
-1;20100;RAINFOREST_RESIN;10002;1;9996;1;9995;30;10004;1;10005;30;;;10003.0;128.0
-1;20100;KELP;2023;31;;;;;2025;4;2027;31;;;2024.0;4.0
-1;20200;RAINFOREST_RESIN;9995;29;;;;;9998;1;10005;29;;;9996.5;130.0
-1;20200;KELP;2023;29;;;;;2027;29;;;;;2025.0;4.0
-1;20300;KELP;2024;26;;;;;2027;27;;;;;2025.5;4.0
-1;20300;RAINFOREST_RESIN;9995;27;;;;;10005;27;;;;;10000.0;132.0
-1;20400;KELP;2024;30;;;;;2025;4;2027;29;;;2024.5;4.0
-1;20400;RAINFOREST_RESIN;9996;1;9995;28;;;10000;4;10004;1;10005;28;9998.0;132.0
-1;20500;RAINFOREST_RESIN;10000;3;9996;2;9995;30;10004;2;10005;30;;;10002.0;132.0
-1;20500;KELP;2025;4;2024;7;2023;30;2027;32;;;;;2026.0;4.0
-1;20600;RAINFOREST_RESIN;9996;2;9995;26;;;10004;2;10005;26;;;10000.0;132.0
-1;20600;KELP;2023;28;;;;;2027;28;;;;;2025.0;4.0
-1;20700;KELP;2025;6;2023;22;;;2027;22;;;;;2026.0;4.0
-1;20700;RAINFOREST_RESIN;10002;1;10000;6;9998;4;10005;22;;;;;10003.5;132.0
-1;20800;KELP;2024;2;2023;22;;;2027;24;;;;;2025.5;4.0
-1;20800;RAINFOREST_RESIN;9996;2;9995;22;;;10004;2;10005;22;;;10000.0;134.0
-1;20900;RAINFOREST_RESIN;9995;23;;;;;10005;23;;;;;10000.0;134.0
-1;20900;KELP;2026;1;2023;23;;;2027;23;;;;;2026.5;4.0
-1;21000;RAINFOREST_RESIN;9996;2;9995;26;;;10004;2;10005;26;;;10000.0;134.0
-1;21000;KELP;2024;28;;;;;2027;28;;;;;2025.5;4.0
-1;21100;KELP;2024;2;2023;22;;;2027;24;;;;;2025.5;4.0
-1;21100;RAINFOREST_RESIN;9996;2;9995;22;;;10004;2;10005;22;;;10000.0;134.0
-1;21200;KELP;2024;22;;;;;2027;22;;;;;2025.5;4.0
-1;21200;RAINFOREST_RESIN;9995;22;;;;;9998;1;10005;22;;;9996.5;134.0
-1;21300;RAINFOREST_RESIN;9996;1;9995;29;;;10002;7;10004;1;10005;29;9999.0;136.0
-1;21300;KELP;2024;1;2023;29;;;2027;30;;;;;2025.5;4.0
-1;21400;RAINFOREST_RESIN;9995;28;;;;;10005;28;;;;;10000.0;151.0
-1;21400;KELP;2024;28;;;;;2027;28;;;;;2025.5;4.0
-1;21500;KELP;2026;4;2024;21;;;2027;21;;;;;2026.5;4.0
-1;21500;RAINFOREST_RESIN;9996;1;9995;20;;;10004;1;10005;20;;;10000.0;151.0
-1;21600;KELP;2024;27;;;;;2027;2;2028;25;;;2025.5;4.0
-1;21600;RAINFOREST_RESIN;10002;12;9996;2;9995;25;10004;2;10005;25;;;10003.0;151.0
-1;21700;RAINFOREST_RESIN;9998;8;9996;2;9995;29;10004;2;10005;29;;;10001.0;175.0
-1;21700;KELP;2024;31;;;;;2027;31;;;;;2025.5;4.0
-1;21800;RAINFOREST_RESIN;9996;2;9995;22;;;10004;2;10005;22;;;10000.0;175.0
-1;21800;KELP;2024;24;;;;;2028;24;;;;;2026.0;4.0
-1;21900;KELP;2024;22;;;;;2028;22;;;;;2026.0;4.0
-1;21900;RAINFOREST_RESIN;10002;3;9996;1;9995;21;10004;1;10005;21;;;10003.0;175.0
-1;22000;KELP;2024;21;;;;;2028;21;;;;;2026.0;4.0
-1;22000;RAINFOREST_RESIN;9995;21;;;;;10005;21;;;;;10000.0;181.0
-1;22100;RAINFOREST_RESIN;9996;2;9995;22;;;10002;7;10004;2;10005;22;9999.0;181.0
-1;22100;KELP;2024;23;;;;;2027;24;;;;;2025.5;4.0
-1;22200;RAINFOREST_RESIN;9998;6;9996;1;9995;20;10004;1;10005;20;;;10001.0;181.0
-1;22200;KELP;2024;21;;;;;2027;21;;;;;2025.5;4.0
-1;22300;KELP;2023;29;;;;;2026;1;2027;28;;;2024.5;4.0
-1;22300;RAINFOREST_RESIN;9996;1;9995;28;;;10004;1;10005;28;;;10000.0;186.0
-1;22400;KELP;2023;29;;;;;2026;29;;;;;2024.5;4.0
-1;22400;RAINFOREST_RESIN;9996;2;9995;27;;;9998;1;10004;2;10005;27;9997.0;186.0
-1;22500;RAINFOREST_RESIN;9996;2;9995;29;;;10004;2;10005;29;;;10000.0;198.0
-1;22500;KELP;2023;31;;;;;2026;31;;;;;2024.5;4.0
-1;22600;RAINFOREST_RESIN;10000;6;9998;6;9996;2;10004;2;10005;20;;;10002.0;198.0
-1;22600;KELP;2024;6;2023;26;;;2026;22;;;;;2025.0;4.0
-1;22700;KELP;2023;25;;;;;2026;26;;;;;2024.5;4.0
-1;22700;RAINFOREST_RESIN;9996;2;9995;24;;;10004;2;10005;24;;;10000.0;198.0
-1;22800;KELP;2023;27;;;;;2026;28;;;;;2024.5;4.0
-1;22800;RAINFOREST_RESIN;9996;1;9995;27;;;9998;2;10004;1;10005;27;9997.0;198.0
-1;22900;RAINFOREST_RESIN;9996;2;9995;30;;;10002;8;10004;2;10005;30;9999.0;202.0
-1;22900;KELP;2023;2;2022;30;;;2026;32;;;;;2024.5;4.0
-1;23000;RAINFOREST_RESIN;9996;1;9995;21;;;10004;1;10005;21;;;10000.0;202.0
-1;23000;KELP;2022;22;;;;;2026;22;;;;;2024.0;4.0
-1;23100;KELP;2023;23;;;;;2026;23;;;;;2024.5;4.0
-1;23100;RAINFOREST_RESIN;9998;8;9995;23;;;10005;23;;;;;10001.5;202.0
-1;23200;KELP;2023;2;2022;29;;;2024;3;2026;31;;;2023.5;4.0
-1;23200;RAINFOREST_RESIN;9998;5;9996;2;9995;29;10004;2;10005;29;;;10001.0;202.0
-1;23300;RAINFOREST_RESIN;9996;1;9995;29;;;10004;1;10005;29;;;10000.0;204.0
-1;23300;KELP;2023;30;;;;;2026;30;;;;;2024.5;4.0
-1;23400;RAINFOREST_RESIN;9996;1;9995;29;;;10004;1;10005;29;;;10000.0;204.0
-1;23400;KELP;2023;30;;;;;2026;30;;;;;2024.5;4.0
-1;23500;KELP;2023;29;;;;;2025;4;2026;30;;;2024.0;4.0
-1;23500;RAINFOREST_RESIN;9998;8;9996;2;9995;28;10004;2;10005;28;;;10001.0;204.0
-1;23600;KELP;2022;27;;;;;2026;27;;;;;2024.0;4.0
-1;23600;RAINFOREST_RESIN;9995;27;;;;;10005;27;;;;;10000.0;204.0
-1;23700;RAINFOREST_RESIN;10002;1;9996;2;9995;21;10004;2;10005;21;;;10003.0;204.0
-1;23700;KELP;2023;2;2022;21;;;2025;7;2026;23;;;2024.0;4.0
-1;23800;RAINFOREST_RESIN;9995;30;;;;;10005;30;;;;;10000.0;211.0
-1;23800;KELP;2024;1;2022;30;;;2026;30;;;;;2025.0;4.0
-1;23900;KELP;2025;1;2023;1;2022;30;2026;30;;;;;2025.5;4.0
-1;23900;RAINFOREST_RESIN;9995;30;;;;;10005;30;;;;;10000.0;211.0
-1;24000;KELP;2022;29;;;;;2026;29;;;;;2024.0;4.0
-1;24000;RAINFOREST_RESIN;9998;9;9995;29;;;10005;29;;;;;10001.5;211.0
-1;24100;RAINFOREST_RESIN;9996;1;9995;25;;;10004;1;10005;25;;;10000.0;211.0
-1;24100;KELP;2023;1;2022;25;;;2025;3;2026;26;;;2024.0;4.0
-1;24200;RAINFOREST_RESIN;9996;2;9995;28;;;10002;6;10004;2;10005;28;9999.0;221.0
-1;24200;KELP;2023;30;;;;;2026;30;;;;;2024.5;4.0
-1;24300;KELP;2023;26;;;;;2026;26;;;;;2024.5;4.0
-1;24300;RAINFOREST_RESIN;9996;2;9995;24;;;10002;1;10004;2;10005;24;9999.0;221.0
-1;24400;KELP;2025;1;2023;22;;;2026;22;;;;;2025.5;4.0
-1;24400;RAINFOREST_RESIN;10002;1;9998;4;9996;1;10004;1;10005;21;;;10003.0;221.0
-1;24500;RAINFOREST_RESIN;10002;1;9996;1;9995;25;10004;1;10005;25;;;10003.0;223.0
-1;24500;KELP;2022;26;;;;;2026;26;;;;;2024.0;4.0
-1;24600;RAINFOREST_RESIN;9995;24;;;;;9998;2;10005;24;;;9996.5;229.0
-1;24600;KELP;2022;24;;;;;2024;2;2026;24;;;2023.0;6.364013671875
-1;24700;KELP;2023;25;;;;;2026;25;;;;;2024.5;6.63330078125
-1;24700;RAINFOREST_RESIN;9995;25;;;;;10005;25;;;;;10000.0;233.0
-1;24800;KELP;2022;23;;;;;2026;23;;;;;2024.0;6.1025390625
-1;24800;RAINFOREST_RESIN;9995;23;;;;;10005;23;;;;;10000.0;233.0
-1;24900;RAINFOREST_RESIN;10002;1;9996;1;9995;22;10004;1;10005;22;;;10003.0;233.0
-1;24900;KELP;2024;4;2022;23;;;2026;23;;;;;2025.0;6.220703125
-1;25000;RAINFOREST_RESIN;9995;23;;;;;10005;23;;;;;10000.0;235.0
-1;25000;KELP;2023;23;;;;;2026;23;;;;;2024.5;6.58544921875
-1;25100;KELP;2022;25;;;;;2024;4;2026;25;;;2023.0;6.299560546875
-1;25100;RAINFOREST_RESIN;10002;1;9995;25;;;10005;25;;;;;10003.5;235.0
-1;25200;KELP;2023;1;2022;24;;;2025;3;2026;25;;;2024.0;6.380859375
-1;25200;RAINFOREST_RESIN;9996;1;9995;24;;;9998;5;10004;1;10005;24;9997.0;237.0
-1;25300;RAINFOREST_RESIN;9996;2;9995;22;;;10004;2;10005;22;;;10000.0;247.0
-1;25300;KELP;2023;4;2022;22;;;2026;24;;;;;2024.5;6.37841796875
-1;25400;RAINFOREST_RESIN;9996;1;9995;29;;;10004;1;10005;29;;;10000.0;247.0
-1;25400;KELP;2025;8;2023;30;;;2026;30;;;;;2025.5;6.506103515625
-1;25500;KELP;2022;21;;;;;2025;21;;;;;2023.5;5.374755859375
-1;25500;RAINFOREST_RESIN;9996;1;9995;20;;;9998;6;10002;9;10004;1;9997.0;247.0
-1;25600;KELP;2023;31;;;;;2026;23;;;;;2024.5;6.54052734375
-1;25600;RAINFOREST_RESIN;9996;1;9995;22;;;10002;7;10004;1;10005;22;9999.0;259.0
-1;25700;RAINFOREST_RESIN;9996;2;9995;30;;;10004;2;10005;30;;;10000.0;259.0
-1;25700;KELP;2023;32;;;;;2025;6;2026;32;;;2024.0;6.818115234375
-1;25800;RAINFOREST_RESIN;10002;4;9995;24;;;10005;24;;;;;10003.5;259.0
-1;25800;KELP;2023;23;;;;;2026;24;;;;;2024.5;7.156982421875
-1;25900;KELP;2023;25;;;;;2026;25;;;;;2024.5;6.70458984375
-1;25900;RAINFOREST_RESIN;9996;2;9995;23;;;10004;2;10005;23;;;10000.0;267.0
-1;26000;RAINFOREST_RESIN;9996;2;9995;27;;;10004;2;10005;27;;;10000.0;267.0
-1;26000;KELP;2023;22;;;;;2026;29;;;;;2024.5;6.439697265625
-1;26100;KELP;2023;20;;;;;2026;20;;;;;2024.5;6.74560546875
-1;26100;RAINFOREST_RESIN;9998;7;9995;20;;;10005;20;;;;;10001.5;267.0
-1;26200;RAINFOREST_RESIN;9996;1;9995;22;;;10004;1;10005;22;;;10000.0;267.0
-1;26200;KELP;2023;23;;;;;2026;23;;;;;2024.5;6.828369140625
-1;26300;KELP;2023;30;;;;;2026;30;;;;;2024.5;6.746826171875
-1;26300;RAINFOREST_RESIN;9996;1;9995;29;;;9998;1;10004;1;10005;29;9997.0;267.0
-1;26400;RAINFOREST_RESIN;9995;22;;;;;10005;22;;;;;10000.0;269.0
-1;26400;KELP;2023;27;;;;;2026;22;;;;;2024.5;6.58984375
-1;26500;KELP;2023;24;;;;;2026;24;;;;;2024.5;6.553466796875
-1;26500;RAINFOREST_RESIN;9996;1;9995;23;;;10004;1;10005;23;;;10000.0;269.0
-1;26600;RAINFOREST_RESIN;9996;2;9995;28;;;9998;1;10004;2;10005;28;9997.0;269.0
-1;26600;KELP;2023;36;;;;;2026;30;;;;;2024.5;6.7197265625
-1;26700;KELP;2023;24;;;;;2025;6;2026;24;;;2024.0;6.697998046875
-1;26700;RAINFOREST_RESIN;9998;2;9996;1;9995;23;10004;1;10005;23;;;10001.0;271.0
-1;26800;RAINFOREST_RESIN;9996;2;9995;28;;;10004;2;10005;28;;;10000.0;271.0
-1;26800;KELP;2025;1;2023;30;;;2026;30;;;;;2025.5;6.63623046875
-1;26900;KELP;2023;29;;;;;2026;30;;;;;2024.5;6.598388671875
-1;26900;RAINFOREST_RESIN;10002;1;9995;30;;;10005;30;;;;;10003.5;271.0
-1;27000;RAINFOREST_RESIN;9995;28;;;;;10002;1;10005;28;;;9998.5;273.0
-1;27000;KELP;2023;30;;;;;2026;28;;;;;2024.5;6.62060546875
-1;27100;KELP;2023;27;;;;;2026;24;;;;;2024.5;6.79931640625
-1;27100;RAINFOREST_RESIN;9995;24;;;;;10005;24;;;;;10000.0;273.0
-1;27200;RAINFOREST_RESIN;9998;2;9995;21;;;10005;21;;;;;10001.5;273.0
-1;27200;KELP;2023;21;;;;;2025;2;2026;21;;;2024.0;6.71728515625
-1;27300;KELP;2025;1;2023;31;;;2026;31;;;;;2025.5;6.77685546875
-1;27300;RAINFOREST_RESIN;9996;2;9995;29;;;10004;2;10005;29;;;10000.0;273.0
-1;27400;RAINFOREST_RESIN;9995;21;;;;;10005;21;;;;;10000.0;273.0
-1;27400;KELP;2023;21;;;;;2026;21;;;;;2024.5;7.2705078125
-1;27500;KELP;2023;23;;;;;2025;6;2026;23;;;2024.0;7.3544921875
-1;27500;RAINFOREST_RESIN;9996;1;9995;22;;;10004;1;10005;22;;;10000.0;273.0
-1;27600;RAINFOREST_RESIN;9998;5;9995;24;;;10005;24;;;;;10001.5;273.0
-1;27600;KELP;2023;30;;;;;2026;24;;;;;2024.5;7.119873046875
-1;27700;KELP;2023;19;;;;;2026;24;;;;;2024.5;7.20654296875
-1;27700;RAINFOREST_RESIN;9995;24;;;;;10005;24;;;;;10000.0;273.0
-1;27800;RAINFOREST_RESIN;9998;9;9996;2;9995;26;10004;2;10005;26;;;10001.0;273.0
-1;27800;KELP;2023;28;;;;;2025;3;2026;28;;;2024.0;7.443603515625
-1;27900;KELP;2025;1;2023;29;;;2026;29;;;;;2025.5;7.305419921875
-1;27900;RAINFOREST_RESIN;9996;2;9995;27;;;10002;4;10004;2;10005;27;9999.0;273.0
-1;28000;RAINFOREST_RESIN;9998;2;9995;28;;;10005;28;;;;;10001.5;273.0
-1;28000;KELP;2023;28;;;;;2026;28;;;;;2024.5;7.48583984375
-1;28100;KELP;2023;26;;;;;2026;26;;;;;2024.5;7.318115234375
-1;28100;RAINFOREST_RESIN;9996;2;9995;24;;;10004;2;10005;24;;;10000.0;273.0
-1;28200;RAINFOREST_RESIN;9996;1;9995;25;;;9998;2;10004;1;10005;25;9997.0;273.0
-1;28200;KELP;2023;26;;;;;2025;5;2026;1;2027;25;2024.0;7.74560546875
-1;28300;KELP;2023;24;;;;;2024;2;2027;24;;;2023.5;7.866943359375
-1;28300;RAINFOREST_RESIN;9996;1;9995;23;;;10004;1;10005;23;;;10000.0;277.0
-1;28400;RAINFOREST_RESIN;9996;2;9995;23;;;10004;2;10005;23;;;10000.0;277.0
-1;28400;KELP;2023;24;;;;;2027;25;;;;;2025.0;7.783447265625
-1;28500;KELP;2023;23;;;;;2027;23;;;;;2025.0;8.0048828125
-1;28500;RAINFOREST_RESIN;9998;10;9995;23;;;10005;23;;;;;10001.5;277.0
-1;28600;RAINFOREST_RESIN;10002;1;9996;2;9995;21;10004;2;10005;21;;;10003.0;277.0
-1;28600;KELP;2023;23;;;;;2025;8;2027;23;;;2024.0;8.022705078125
-1;28700;RAINFOREST_RESIN;9995;30;;;;;10005;30;;;;;10000.0;279.0
-1;28700;KELP;2023;30;;;;;2027;30;;;;;2025.0;8.149658203125
-1;28800;RAINFOREST_RESIN;9995;27;;;;;10005;27;;;;;10000.0;279.0
-1;28800;KELP;2024;27;;;;;2027;27;;;;;2025.5;8.50927734375
-1;28900;KELP;2024;26;;;;;2027;22;;;;;2025.5;9.203857421875
-1;28900;RAINFOREST_RESIN;9998;7;9996;1;9995;21;10004;1;10005;21;;;10001.0;279.0
-1;29000;KELP;2024;23;;;;;2027;24;;;;;2025.5;8.728515625
-1;29000;RAINFOREST_RESIN;9995;24;;;;;10005;24;;;;;10000.0;279.0
-1;29100;RAINFOREST_RESIN;9996;2;9995;26;;;10004;2;10005;26;;;10000.0;284.0
-1;29100;KELP;2024;31;;;;;2027;28;;;;;2025.5;8.94091796875
-1;29200;RAINFOREST_RESIN;9996;1;9995;30;;;10004;1;10005;30;;;10000.0;284.0
-1;29200;KELP;2026;1;2024;31;;;2027;31;;;;;2026.5;8.795654296875
-1;29300;KELP;2024;32;;;;;2026;2;2027;32;;;2025.0;8.851806640625
-1;29300;RAINFOREST_RESIN;9996;2;9995;30;;;10002;3;10004;2;10005;30;9999.0;284.0
-1;29400;KELP;2024;25;;;;;2027;26;;;;;2025.5;8.897705078125
-1;29400;RAINFOREST_RESIN;10002;1;9996;1;9995;25;10004;1;10005;25;;;10003.0;284.0
-1;29500;RAINFOREST_RESIN;9996;2;9995;27;;;10004;2;10005;27;;;10000.0;286.0
-1;29500;KELP;2024;31;;;;;2027;29;;;;;2025.5;8.93408203125
-1;29600;RAINFOREST_RESIN;9996;2;9995;28;;;10004;2;10005;28;;;10000.0;286.0
-1;29600;KELP;2024;2;2023;28;;;2025;3;2027;30;;;2024.5;8.302978515625
-1;29700;KELP;2024;28;;;;;2027;26;;;;;2025.5;9.439453125
-1;29700;RAINFOREST_RESIN;9996;1;9995;25;;;10002;4;10004;1;10005;25;9999.0;286.0
-1;29800;KELP;2024;31;;;;;2026;1;2027;1;2028;30;2025.0;9.609619140625
-1;29800;RAINFOREST_RESIN;9998;6;9996;1;9995;30;10004;1;10005;30;;;10001.0;286.0
-1;29900;RAINFOREST_RESIN;9995;21;;;;;10005;21;;;;;10000.0;286.0
-1;29900;KELP;2025;8;2024;21;;;2028;21;;;;;2026.5;9.731689453125
-1;30000;RAINFOREST_RESIN;9998;3;9996;1;9995;30;10004;1;10005;30;;;10001.0;286.0
-1;30000;KELP;2024;31;;;;;2028;31;;;;;2026.0;9.92431640625
-1;30100;KELP;2024;30;;;;;2027;30;;;;;2025.5;9.395263671875
-1;30100;RAINFOREST_RESIN;9996;2;9995;28;;;10004;2;10005;28;;;10000.0;288.0
-1;30200;KELP;2024;22;;;;;2027;22;;;;;2025.5;9.548828125
-1;30200;RAINFOREST_RESIN;9996;2;9995;20;;;10004;2;10005;20;;;10000.0;288.0
-1;30300;RAINFOREST_RESIN;9996;2;9995;29;;;10002;9;10004;2;10005;29;9999.0;288.0
-1;30300;KELP;2026;1;2024;31;;;2027;31;;;;;2026.5;9.28369140625
-1;30400;RAINFOREST_RESIN;10000;5;9996;2;9995;29;10002;8;10004;2;10005;29;10001.0;288.0
-1;30400;KELP;2025;5;2024;31;;;2027;31;;;;;2026.0;8.98291015625
-1;30500;KELP;2024;22;;;;;2027;22;;;;;2025.5;8.4755859375
-1;30500;RAINFOREST_RESIN;9998;5;9996;2;9995;20;10004;2;10005;20;;;10001.0;288.0
-1;30600;KELP;2024;1;2023;20;;;2027;22;;;;;2025.5;8.35107421875
-1;30600;RAINFOREST_RESIN;9996;2;9995;20;;;10002;4;10004;2;10005;20;9999.0;288.0
-1;30700;RAINFOREST_RESIN;9995;30;;;;;10005;30;;;;;10000.0;289.0
-1;30700;KELP;2024;30;;;;;2027;30;;;;;2025.5;8.476318359375
-1;30800;RAINFOREST_RESIN;9996;1;9995;30;;;10004;1;10005;30;;;10000.0;289.0
-1;30800;KELP;2024;4;2023;30;;;2027;31;;;;;2025.5;8.395263671875
-1;30900;KELP;2023;30;;;;;2025;7;2026;30;;;2024.0;7.243896484375
-1;30900;RAINFOREST_RESIN;9996;2;9995;28;;;10002;6;10004;2;10005;28;9999.0;289.0
-1;31000;KELP;2024;4;2023;30;;;2026;23;;;;;2025.0;7.389892578125
-1;31000;RAINFOREST_RESIN;10000;4;9996;1;9995;22;10004;1;10005;22;;;10002.0;289.0
-1;31100;RAINFOREST_RESIN;9996;2;9995;27;;;10004;2;10005;27;;;10000.0;289.0
-1;31100;KELP;2023;29;;;;;2026;2;2027;27;;;2024.5;7.5947265625
-1;31200;RAINFOREST_RESIN;9996;2;9995;29;;;10002;6;10004;2;10005;29;9999.0;289.0
-1;31200;KELP;2023;31;;;;;2026;31;;;;;2024.5;7.530029296875
-1;31300;KELP;2023;24;;;;;2026;24;;;;;2024.5;7.47412109375
-1;31300;RAINFOREST_RESIN;9996;1;9995;23;;;10004;1;10005;23;;;10000.0;289.0
-1;31400;KELP;2023;26;;;;;2026;26;;;;;2024.5;7.068115234375
-1;31400;RAINFOREST_RESIN;9995;26;;;;;9998;1;10005;26;;;9996.5;289.0
-1;31500;RAINFOREST_RESIN;9995;30;;;;;10005;30;;;;;10000.0;291.0
-1;31500;KELP;2023;35;;;;;2026;30;;;;;2024.5;7.189453125
-1;31600;RAINFOREST_RESIN;9995;27;;;;;10005;27;;;;;10000.0;291.0
-1;31600;KELP;2025;1;2023;27;;;2026;27;;;;;2025.5;7.376708984375
-1;31700;KELP;2023;24;;;;;2025;3;2026;24;;;2024.0;7.420166015625
-1;31700;RAINFOREST_RESIN;9996;2;9995;22;;;10004;2;10005;22;;;10000.0;291.0
-1;31800;KELP;2024;6;2023;26;;;2026;1;2027;25;;;2025.0;7.746826171875
-1;31800;RAINFOREST_RESIN;10000;6;9996;1;9995;25;10004;1;10005;25;;;10002.0;291.0
-1;31900;RAINFOREST_RESIN;9998;3;9995;28;;;10005;28;;;;;10001.5;291.0
-1;31900;KELP;2024;4;2023;28;;;2027;28;;;;;2025.5;7.7734375
-1;32000;RAINFOREST_RESIN;9996;1;9995;24;;;10004;1;10005;24;;;10000.0;293.0
-1;32000;KELP;2024;2;2023;25;;;2026;1;2027;24;;;2025.0;7.656494140625
-1;32100;KELP;2023;29;;;;;2026;29;;;;;2024.5;7.0107421875
-1;32100;RAINFOREST_RESIN;9996;1;9995;28;;;10004;1;10005;28;;;10000.0;293.0
-1;32200;KELP;2023;28;;;;;2027;28;;;;;2025.0;7.892822265625
-1;32200;RAINFOREST_RESIN;9996;1;9995;27;;;10004;1;10005;27;;;10000.0;293.0
-1;32300;RAINFOREST_RESIN;9995;25;;;;;10005;25;;;;;10000.0;293.0
-1;32300;KELP;2023;25;;;;;2026;25;;;;;2024.5;7.31982421875
-1;32400;RAINFOREST_RESIN;9996;1;9995;30;;;10004;1;10005;30;;;10000.0;293.0
-1;32400;KELP;2023;30;;;;;2026;1;2027;30;;;2024.5;7.623046875
-1;32500;KELP;2023;21;;;;;2025;5;2027;22;;;2024.0;7.88330078125
-1;32500;RAINFOREST_RESIN;9998;1;9996;1;9995;21;10004;1;10005;21;;;10001.0;293.0
-1;32600;KELP;2023;30;;;;;2027;30;;;;;2025.0;8.0078125
-1;32600;RAINFOREST_RESIN;10002;1;9995;30;;;10005;30;;;;;10003.5;293.0
-1;32700;RAINFOREST_RESIN;9996;2;9995;22;;;10004;2;10005;22;;;10000.0;295.0
-1;32700;KELP;2023;24;;;;;2026;2;2027;22;;;2024.5;10.0
-1;32800;RAINFOREST_RESIN;9996;2;9995;28;;;10004;2;10005;28;;;10000.0;295.0
-1;32800;KELP;2023;30;;;;;2026;2;2027;28;;;2024.5;10.0
-1;32900;KELP;2023;29;;;;;2026;2;2027;27;;;2024.5;10.0
-1;32900;RAINFOREST_RESIN;9996;2;9995;27;;;10004;2;10005;27;;;10000.0;305.0
-1;33000;KELP;2025;1;2023;30;;;2026;30;;;;;2025.5;10.0
-1;33000;RAINFOREST_RESIN;9996;2;9995;28;;;10004;2;10005;28;;;10000.0;305.0
-1;33100;RAINFOREST_RESIN;9996;1;9995;28;;;10004;1;10005;28;;;10000.0;305.0
-1;33100;KELP;2023;28;;;;;2025;3;2026;29;;;2024.0;10.0
-1;33200;RAINFOREST_RESIN;9996;1;9995;20;;;10002;7;10004;1;10005;20;9999.0;305.0
-1;33200;KELP;2023;20;;;;;2024;10;2026;1;2027;20;2023.5;10.0
-1;33300;KELP;2024;1;2023;20;;;2027;21;;;;;2025.5;10.0
-1;33300;RAINFOREST_RESIN;9996;1;9995;20;;;10004;1;10005;20;;;10000.0;305.0
-1;33400;KELP;2023;32;;;;;2027;32;;;;;2025.0;10.0
-1;33400;RAINFOREST_RESIN;9996;2;9995;30;;;10002;3;10004;2;10005;30;9999.0;305.0
-1;33500;RAINFOREST_RESIN;9996;1;9995;20;;;10004;1;10005;20;;;10000.0;305.0
-1;33500;KELP;2023;21;;;;;2026;21;;;;;2024.5;10.0
-1;33600;RAINFOREST_RESIN;10002;6;9995;27;;;10005;27;;;;;10003.5;305.0
-1;33600;KELP;2023;27;;;;;2026;27;;;;;2024.5;10.0
-1;33700;KELP;2023;32;;;;;2026;28;;;;;2024.5;10.0
-1;33700;RAINFOREST_RESIN;9996;1;9995;27;;;10002;1;10004;1;10005;27;9999.0;317.0
-1;33800;KELP;2024;3;2023;31;;;2026;26;;;;;2025.0;10.0
-1;33800;RAINFOREST_RESIN;9996;1;9995;25;;;10004;1;10005;25;;;10000.0;317.0
-1;33900;RAINFOREST_RESIN;9995;24;;;;;10005;24;;;;;10000.0;317.0
-1;33900;KELP;2023;24;;;;;2026;24;;;;;2024.5;10.0
-1;34000;RAINFOREST_RESIN;10002;1;9995;30;;;10005;30;;;;;10003.5;317.0
-1;34000;KELP;2023;29;;;;;2025;8;2026;30;;;2024.0;10.0
-1;34100;KELP;2023;25;;;;;2026;23;;;;;2024.5;10.0
-1;34100;RAINFOREST_RESIN;9996;1;9995;22;;;10004;1;10005;22;;;10000.0;319.0
-1;34200;KELP;2022;23;;;;;2024;1;2026;23;;;2023.0;10.0
-1;34200;RAINFOREST_RESIN;9995;23;;;;;10005;23;;;;;10000.0;322.0
-1;34300;RAINFOREST_RESIN;10002;1;9996;1;9995;22;10004;1;10005;22;;;10003.0;322.0
-1;34300;KELP;2022;23;;;;;2026;23;;;;;2024.0;14.4951171875
-1;34400;RAINFOREST_RESIN;9996;2;9995;23;;;10004;2;10005;23;;;10000.0;324.0
-1;34400;KELP;2023;3;2022;25;;;2025;2;2026;23;;;2024.0;14.384765625
-1;34500;KELP;2022;30;;;;;2023;5;2024;1;2026;30;2022.5;14.4248046875
-1;34500;RAINFOREST_RESIN;9995;30;;;;;10005;30;;;;;10000.0;324.0
-1;34600;KELP;2022;29;;;;;2023;1;2026;29;;;2022.5;15.392578125
-1;34600;RAINFOREST_RESIN;9995;29;;;;;10005;29;;;;;10000.0;324.0
-1;34700;RAINFOREST_RESIN;9998;6;9995;24;;;10005;24;;;;;10001.5;324.0
-1;34700;KELP;2023;24;;;;;2026;24;;;;;2024.5;16.115234375
-1;34800;RAINFOREST_RESIN;9996;2;9995;23;;;10004;2;10005;23;;;10000.0;324.0
-1;34800;KELP;2023;2;2022;23;;;2026;25;;;;;2024.5;15.6220703125
-1;34900;KELP;2023;21;;;;;2026;21;;;;;2024.5;16.232421875
-1;34900;RAINFOREST_RESIN;9996;1;9995;20;;;10004;1;10005;20;;;10000.0;324.0
-1;35000;RAINFOREST_RESIN;10002;1;9995;20;;;10005;20;;;;;10003.5;324.0
-1;35000;KELP;2025;1;2023;20;;;2026;20;;;;;2025.5;18.9248046875
-1;35100;KELP;2023;31;;;;;2026;31;;;;;2024.5;17.44921875
-1;35100;RAINFOREST_RESIN;10002;3;9996;2;9995;29;10004;2;10005;29;;;10003.0;326.0
-1;35200;RAINFOREST_RESIN;9996;2;9995;28;;;10002;10;10004;2;10005;28;9999.0;332.0
-1;35200;KELP;2023;33;;;;;2026;30;;;;;2024.5;18.298828125
-1;35300;KELP;2023;20;;;;;2026;28;;;;;2024.5;16.625
-1;35300;RAINFOREST_RESIN;9998;6;9996;1;9995;27;10004;1;10005;27;;;10001.0;332.0
-1;35400;RAINFOREST_RESIN;10002;3;9995;25;;;10005;25;;;;;10003.5;332.0
-1;35400;KELP;2025;1;2023;27;;;2026;25;;;;;2025.5;16.41796875
-1;35500;KELP;2023;28;;;;;2026;28;;;;;2024.5;16.6181640625
-1;35500;RAINFOREST_RESIN;9996;2;9995;26;;;10004;2;10005;26;;;10000.0;338.0
-1;35600;RAINFOREST_RESIN;9995;26;;;;;10005;26;;;;;10000.0;338.0
-1;35600;KELP;2023;26;;;;;2026;26;;;;;2024.5;16.2568359375
-1;35700;KELP;2023;29;;;;;2026;29;;;;;2024.5;16.767578125
-1;35700;RAINFOREST_RESIN;9996;2;9995;27;;;10004;2;10005;27;;;10000.0;338.0
-1;35800;RAINFOREST_RESIN;9998;7;9996;1;9995;30;10004;1;10005;30;;;10001.0;338.0
-1;35800;KELP;2023;29;;;;;2026;31;;;;;2024.5;16.6630859375
-1;35900;KELP;2023;2;2022;21;;;2026;23;;;;;2024.5;15.6865234375
-1;35900;RAINFOREST_RESIN;9996;2;9995;21;;;10004;2;10005;21;;;10000.0;338.0
-1;36000;RAINFOREST_RESIN;9995;30;;;;;10002;5;10005;30;;;9998.5;338.0
-1;36000;KELP;2022;30;;;;;2024;3;2026;30;;;2023.0;15.7080078125
-1;36100;KELP;2022;26;;;;;2025;2;2026;24;;;2023.5;14.3173828125
-1;36100;RAINFOREST_RESIN;10002;8;9996;2;9995;24;10004;2;10005;24;;;10003.0;338.0
-1;36200;RAINFOREST_RESIN;9996;1;9995;29;;;9998;1;10004;1;10005;29;9997.0;354.0
-1;36200;KELP;2022;30;;;;;2025;1;2026;29;;;2023.5;14.361328125
-1;36300;KELP;2022;22;;;;;2024;6;2025;22;;;2023.0;13.888671875
-1;36300;RAINFOREST_RESIN;9996;1;9995;21;;;10004;1;10005;21;;;10000.0;356.0
-1;36400;RAINFOREST_RESIN;9998;1;9996;1;9995;20;10004;1;10005;20;;;10001.0;356.0
-1;36400;KELP;2024;1;2023;3;2022;21;2025;1;2026;20;;;2024.5;14.0908203125
-1;36500;KELP;2022;25;;;;;2023;2;2025;25;;;2022.5;13.2255859375
-1;36500;RAINFOREST_RESIN;9995;25;;;;;10005;25;;;;;10000.0;356.0
-1;36600;RAINFOREST_RESIN;9996;1;9995;28;;;10004;1;10005;28;;;10000.0;356.0
-1;36600;KELP;2022;29;;;;;2025;29;;;;;2023.5;13.7705078125
-1;36700;KELP;2021;21;;;;;2025;21;;;;;2023.0;9.357421875
-1;36700;RAINFOREST_RESIN;9995;21;;;;;10005;21;;;;;10000.0;356.0
-1;36800;RAINFOREST_RESIN;9995;30;;;;;10005;30;;;;;10000.0;356.0
-1;36800;KELP;2021;30;;;;;2025;30;;;;;2023.0;9.73828125
-1;36900;KELP;2021;27;;;;;2024;27;;;;;2022.5;6.5908203125
-1;36900;RAINFOREST_RESIN;9996;1;9995;26;;;10004;1;10005;26;;;10000.0;356.0
-1;37000;RAINFOREST_RESIN;9996;2;9995;23;;;10004;2;10005;23;;;10000.0;356.0
-1;37000;KELP;2020;25;;;;;2024;25;;;;;2022.0;4.6884765625
-1;37100;KELP;2021;27;;;;;2024;23;;;;;2022.5;7.8720703125
-1;37100;RAINFOREST_RESIN;9996;2;9995;21;;;10004;2;10005;21;;;10000.0;356.0
-1;37200;RAINFOREST_RESIN;9996;1;9995;20;;;10004;1;10005;20;;;10000.0;356.0
-1;37200;KELP;2021;25;;;;;2024;21;;;;;2022.5;7.564453125
-1;37300;KELP;2022;4;2021;28;;;2024;1;2025;27;;;2023.0;9.05859375
-1;37300;RAINFOREST_RESIN;9996;1;9995;27;;;9998;10;10002;4;10004;1;9997.0;356.0
-1;37400;RAINFOREST_RESIN;10002;1;9998;2;9995;30;10005;30;;;;;10003.5;376.0
-1;37400;KELP;2021;30;;;;;2024;30;;;;;2022.5;8.5625
-1;37500;KELP;2020;27;;;;;2024;27;;;;;2022.0;5.001953125
-1;37500;RAINFOREST_RESIN;9996;2;9995;25;;;10004;2;10005;25;;;10000.0;378.0
-1;37600;KELP;2020;22;;;;;2024;22;;;;;2022.0;4.2880859375
-1;37600;RAINFOREST_RESIN;9995;22;;;;;10002;7;10005;22;;;9998.5;379.0
-1;37700;RAINFOREST_RESIN;9996;1;9995;23;;;10004;1;10005;23;;;10000.0;379.0
-1;37700;KELP;2020;24;;;;;2024;24;;;;;2022.0;4.4931640625
-1;37800;RAINFOREST_RESIN;9995;25;;;;;10005;25;;;;;10000.0;379.0
-1;37800;KELP;2020;24;;;;;2024;25;;;;;2022.0;4.0
-1;37900;KELP;2019;25;;;;;2023;25;;;;;2021.0;-0.0224609375
-1;37900;RAINFOREST_RESIN;9995;25;;;;;10005;25;;;;;10000.0;379.0
-1;38000;KELP;2019;32;;;;;2021;4;2023;32;;;2020.0;-0.06640625
-1;38000;RAINFOREST_RESIN;10002;1;9996;2;9995;30;10004;2;10005;30;;;10003.0;379.0
-1;38100;RAINFOREST_RESIN;9996;2;9995;26;;;10002;2;10004;2;10005;26;9999.0;381.0
-1;38100;KELP;2019;28;;;;;2022;2;2023;26;;;2020.5;-0.7919921875
-1;38200;RAINFOREST_RESIN;9996;1;9995;27;;;10004;1;10005;27;;;10000.0;381.0
-1;38200;KELP;2019;28;;;;;2023;28;;;;;2021.0;0.494140625
-1;38300;KELP;2019;26;;;;;2022;26;;;;;2020.5;-1.3046875
-1;38300;RAINFOREST_RESIN;9998;5;9995;26;;;10005;26;;;;;10001.5;381.0
-1;38400;KELP;2019;24;;;;;2020;6;2022;24;;;2019.5;-1.51953125
-1;38400;RAINFOREST_RESIN;9996;1;9995;23;;;10000;6;10004;1;10005;23;9998.0;381.0
-1;38500;RAINFOREST_RESIN;10002;1;9995;21;;;10005;21;;;;;10003.5;381.0
-1;38500;KELP;2019;21;;;;;2022;21;;;;;2020.5;-2.2099609375
-1;38600;RAINFOREST_RESIN;9996;2;9995;28;;;10004;2;10005;28;;;10000.0;383.0
-1;38600;KELP;2019;30;;;;;2022;30;;;;;2020.5;-1.9453125
-1;38700;KELP;2019;20;;;;;2022;20;;;;;2020.5;-1.7275390625
-1;38700;RAINFOREST_RESIN;9995;20;;;;;10005;20;;;;;10000.0;384.0
-1;38800;KELP;2019;21;;;;;2020;2;2021;1;2022;21;2019.5;-1.7158203125
-1;38800;RAINFOREST_RESIN;9996;1;9995;20;;;10002;1;10004;1;10005;20;9999.0;384.0
-1;38900;RAINFOREST_RESIN;9996;2;9995;30;;;10004;2;10005;30;;;10000.0;389.0
-1;38900;KELP;2019;32;;;;;2021;7;2022;2;2023;30;2020.0;-1.0087890625
-1;39000;RAINFOREST_RESIN;9995;23;;;;;10002;9;10005;23;;;9998.5;389.0
-1;39000;KELP;2019;23;;;;;2023;23;;;;;2021.0;-0.0205078125
-1;39100;KELP;2020;25;;;;;2023;25;;;;;2021.5;2.2666015625
-1;39100;RAINFOREST_RESIN;9998;8;9996;1;9995;24;10004;1;10005;24;;;10001.0;389.0
-1;39200;KELP;2020;30;;;;;2022;2;2023;30;;;2021.0;0.0
-1;39200;RAINFOREST_RESIN;9996;1;9995;29;;;10004;1;10005;29;;;10000.0;389.0
-1;39300;RAINFOREST_RESIN;9995;27;;;;;10005;27;;;;;10000.0;389.0
-1;39300;KELP;2020;27;;;;;2023;27;;;;;2021.5;0.0
-1;39400;RAINFOREST_RESIN;9996;1;9995;30;;;10004;1;10005;30;;;10000.0;389.0
-1;39400;KELP;2020;31;;;;;2022;5;2023;31;;;2021.0;0.0
-1;39500;KELP;2019;27;;;;;2021;3;2022;27;;;2020.0;0.0
-1;39500;RAINFOREST_RESIN;9995;27;;;;;9998;1;10002;2;10005;27;9996.5;390.0
-1;39600;KELP;2021;4;2019;23;;;2023;23;;;;;2022.0;0.0
-1;39600;RAINFOREST_RESIN;9995;23;;;;;10005;23;;;;;10000.0;392.0
-1;39700;RAINFOREST_RESIN;9996;2;9995;22;;;10004;2;10005;22;;;10000.0;392.0
-1;39700;KELP;2019;28;;;;;2022;2;2023;22;;;2020.5;0.0
-1;39800;RAINFOREST_RESIN;9996;1;9995;27;;;10004;1;10005;27;;;10000.0;392.0
-1;39800;KELP;2019;28;;;;;2022;1;2023;27;;;2020.5;0.0
-1;39900;KELP;2019;31;;;;;2022;31;;;;;2020.5;0.0
-1;39900;RAINFOREST_RESIN;9996;1;9995;30;;;10002;4;10004;1;10005;30;9999.0;392.0
-1;40000;KELP;2018;22;;;;;2022;22;;;;;2020.0;0.0
-1;40000;RAINFOREST_RESIN;9995;22;;;;;10005;22;;;;;10000.0;392.0
-1;40100;RAINFOREST_RESIN;9996;2;9995;29;;;10002;8;10004;2;10005;29;9999.0;392.0
-1;40100;KELP;2019;31;;;;;2022;31;;;;;2020.5;0.0
-1;40200;RAINFOREST_RESIN;9996;1;9995;28;;;10004;1;10005;28;;;10000.0;392.0
-1;40200;KELP;2019;1;2018;28;;;2022;29;;;;;2020.5;0.0
-1;40300;KELP;2019;22;;;;;2022;22;;;;;2020.5;0.0
-1;40300;RAINFOREST_RESIN;9995;22;;;;;9998;1;10005;22;;;9996.5;392.0
-1;40400;KELP;2018;24;;;;;2022;24;;;;;2020.0;0.0
-1;40400;RAINFOREST_RESIN;9996;1;9995;23;;;10004;1;10005;23;;;10000.0;394.0
-1;40500;RAINFOREST_RESIN;10002;1;9996;2;9995;27;10004;2;10005;27;;;10003.0;394.0
-1;40500;KELP;2019;1;2018;27;;;2022;29;;;;;2020.5;0.0
-1;40600;RAINFOREST_RESIN;9996;2;9995;24;;;10004;2;10005;24;;;10000.0;396.0
-1;40600;KELP;2019;4;2018;26;;;2022;26;;;;;2020.5;0.0
-1;40700;KELP;2018;22;;;;;2021;22;;;;;2019.5;0.0
-1;40700;RAINFOREST_RESIN;9998;7;9996;2;9995;20;10004;2;10005;20;;;10001.0;396.0
-1;40800;KELP;2018;27;;;;;2021;27;;;;;2019.5;0.0
-1;40800;RAINFOREST_RESIN;9995;27;;;;;10005;27;;;;;10000.0;396.0
-1;40900;RAINFOREST_RESIN;9998;10;9996;2;9995;26;10004;2;10005;26;;;10001.0;396.0
-1;40900;KELP;2017;28;;;;;2021;28;;;;;2019.0;0.0
-1;41000;RAINFOREST_RESIN;9995;21;;;;;10002;10;10005;21;;;9998.5;401.0
-1;41000;KELP;2018;20;;;;;2020;3;2021;21;;;2019.0;1.596435546875
-1;41100;KELP;2018;24;;;;;2021;27;;;;;2019.5;1.548583984375
-1;41100;RAINFOREST_RESIN;9995;27;;;;;10005;27;;;;;10000.0;401.0
-1;41200;KELP;2018;29;;;;;2021;29;;;;;2019.5;1.5340576171875
-1;41200;RAINFOREST_RESIN;9995;29;;;;;10005;29;;;;;10000.0;401.0
-1;41300;RAINFOREST_RESIN;9998;2;9996;1;9995;24;10004;1;10005;24;;;10001.0;401.0
-1;41300;KELP;2017;25;;;;;2019;4;2021;25;;;2018.0;1.0052490234375
-1;41400;RAINFOREST_RESIN;9998;5;9996;2;9995;23;10000;4;10004;2;10005;23;9999.0;401.0
-1;41400;KELP;2017;25;;;;;2018;4;2019;5;2020;25;2017.5;0.307373046875
-1;41500;KELP;2017;22;;;;;2019;1;2021;22;;;2018.0;0.9256591796875
-1;41500;RAINFOREST_RESIN;9998;8;9996;2;9995;20;10004;2;10005;20;;;10001.0;401.0
-1;41600;KELP;2017;23;;;;;2019;7;2020;1;2021;22;2018.0;0.85498046875
-1;41600;RAINFOREST_RESIN;9996;1;9995;22;;;10004;1;10005;22;;;10000.0;401.0
-1;41700;RAINFOREST_RESIN;10000;5;9995;21;;;10005;21;;;;;10002.5;401.0
-1;41700;KELP;2019;4;2017;21;;;2021;21;;;;;2020.0;1.040771484375
-1;41800;RAINFOREST_RESIN;9996;2;9995;22;;;10004;2;10005;22;;;10000.0;401.0
-1;41800;KELP;2018;24;;;;;2021;24;;;;;2019.5;1.45849609375
-1;41900;KELP;2018;22;;;;;2020;1;2021;22;;;2019.0;1.5089111328125
-1;41900;RAINFOREST_RESIN;9996;1;9995;21;;;9998;4;10004;1;10005;21;9997.0;401.0
-1;42000;KELP;2018;31;;;;;2020;5;2021;32;;;2019.0;1.6922607421875
-1;42000;RAINFOREST_RESIN;9996;2;9995;30;;;10004;2;10005;30;;;10000.0;409.0
-1;42100;RAINFOREST_RESIN;9998;8;9996;2;9995;21;10004;2;10005;21;;;10001.0;409.0
-1;42100;KELP;2018;23;;;;;2021;2;2022;21;;;2019.5;1.821044921875
-1;42200;RAINFOREST_RESIN;10002;1;9995;28;;;10005;28;;;;;10003.5;409.0
-1;42200;KELP;2018;28;;;;;2022;28;;;;;2020.0;1.86669921875
-1;42300;KELP;2018;20;;;;;2019;7;2020;2;2022;20;2018.5;1.916748046875
-1;42300;RAINFOREST_RESIN;9995;20;;;;;10005;20;;;;;10000.0;411.0
-1;42400;KELP;2019;30;;;;;2022;31;;;;;2020.5;2.270263671875
-1;42400;RAINFOREST_RESIN;9996;2;9995;29;;;10004;2;10005;29;;;10000.0;411.0
-1;42500;RAINFOREST_RESIN;9995;24;;;;;10002;3;10005;24;;;9998.5;411.0
-1;42500;KELP;2019;24;;;;;2022;24;;;;;2020.5;2.24267578125
-1;42600;RAINFOREST_RESIN;9995;26;;;;;10005;26;;;;;10000.0;421.0
-1;42600;KELP;2019;26;;;;;2022;26;;;;;2020.5;2.341552734375
-1;42700;KELP;2018;26;;;;;2022;26;;;;;2020.0;2.0159912109375
-1;42700;RAINFOREST_RESIN;9995;26;;;;;10005;26;;;;;10000.0;423.0
-1;42800;KELP;2019;30;;;;;2022;30;;;;;2020.5;2.259521484375
-1;42800;RAINFOREST_RESIN;9995;30;;;;;10005;30;;;;;10000.0;423.0
-1;42900;RAINFOREST_RESIN;9995;25;;;;;10005;25;;;;;10000.0;423.0
-1;42900;KELP;2019;25;;;;;2022;25;;;;;2020.5;2.489990234375
-1;43000;RAINFOREST_RESIN;9995;23;;;;;10005;23;;;;;10000.0;427.0
-1;43000;KELP;2020;2;2019;23;;;2023;23;;;;;2021.5;2.9769287109375
-1;43100;KELP;2020;21;;;;;2023;21;;;;;2021.5;3.334716796875
-1;43100;RAINFOREST_RESIN;9995;21;;;;;10005;21;;;;;10000.0;427.0
-1;43200;KELP;2019;21;;;;;2023;21;;;;;2021.0;3.0849609375
-1;43200;RAINFOREST_RESIN;9996;1;9995;20;;;10004;1;10005;20;;;10000.0;427.0
-1;43300;RAINFOREST_RESIN;9996;1;9995;24;;;10004;1;10005;24;;;10000.0;427.0
-1;43300;KELP;2019;25;;;;;2021;2;2023;25;;;2020.0;3.079345703125
-1;43400;RAINFOREST_RESIN;9996;2;9995;22;;;10004;2;10005;22;;;10000.0;427.0
-1;43400;KELP;2021;4;2020;24;;;2023;24;;;;;2022.0;3.2218017578125
-1;43500;KELP;2020;22;;;;;2022;7;2023;23;;;2021.0;3.2930908203125
-1;43500;RAINFOREST_RESIN;9998;7;9995;23;;;10005;23;;;;;10001.5;427.0
-1;43600;KELP;2020;5;2019;21;;;2023;23;;;;;2021.5;3.1668701171875
-1;43600;RAINFOREST_RESIN;9996;2;9995;21;;;10002;9;10004;2;10005;21;9999.0;427.0
-1;43700;KELP;2020;24;;;;;2023;24;;;;;2021.5;3.259521484375
-1;43700;RAINFOREST_RESIN;9996;1;9995;23;;;10004;1;10005;23;;;10000.0;427.0
-1;43800;RAINFOREST_RESIN;9996;2;9995;26;;;10004;2;10005;26;;;10000.0;427.0
-1;43800;KELP;2020;35;;;;;2023;28;;;;;2021.5;3.4111328125
-1;43900;KELP;2020;36;;;;;2023;30;;;;;2021.5;3.2279052734375
-1;43900;RAINFOREST_RESIN;10002;4;9998;2;9996;1;10004;1;10005;29;;;10003.0;427.0
-1;44000;RAINFOREST_RESIN;9996;2;9995;20;;;10004;2;10005;20;;;10000.0;435.0
-1;44000;KELP;2020;22;;;;;2022;3;2023;22;;;2021.0;3.425048828125
-1;44100;KELP;2019;24;;;;;2023;24;;;;;2021.0;2.9339599609375
-1;44100;RAINFOREST_RESIN;9995;24;;;;;9998;1;10002;2;10005;24;9996.5;435.0
-1;44200;RAINFOREST_RESIN;9995;21;;;;;10005;21;;;;;10000.0;437.0
-1;44200;KELP;2019;21;;;;;2023;21;;;;;2021.0;2.8858642578125
-1;44300;KELP;2019;27;;;;;2023;27;;;;;2021.0;2.954833984375
-1;44300;RAINFOREST_RESIN;9995;27;;;;;10005;27;;;;;10000.0;437.0
-1;44400;RAINFOREST_RESIN;9998;7;9995;28;;;10005;28;;;;;10001.5;437.0
-1;44400;KELP;2018;28;;;;;2022;28;;;;;2020.0;2.13525390625
-1;44500;KELP;2021;1;2019;2;2018;21;2022;21;;;;;2021.5;2.177734375
-1;44500;RAINFOREST_RESIN;9995;21;;;;;10005;21;;;;;10000.0;437.0
-1;44600;RAINFOREST_RESIN;9996;1;9995;23;;;10004;1;10005;23;;;10000.0;437.0
-1;44600;KELP;2019;24;;;;;2022;24;;;;;2020.5;2.3582763671875
-1;44700;KELP;2019;29;;;;;2022;29;;;;;2020.5;2.3116455078125
-1;44700;RAINFOREST_RESIN;9995;29;;;;;10002;10;10005;29;;;9998.5;437.0
-1;44800;RAINFOREST_RESIN;9995;29;;;;;9998;1;10002;10;10005;29;9996.5;437.0
-1;44800;KELP;2018;29;;;;;2022;29;;;;;2020.0;2.11083984375
-1;44900;KELP;2019;1;2018;26;;;2022;26;;;;;2020.5;2.037353515625
-1;44900;RAINFOREST_RESIN;9996;1;9995;25;;;10004;1;10005;25;;;10000.0;439.0
-1;45000;RAINFOREST_RESIN;10002;1;9996;2;9995;24;10004;2;10005;24;;;10003.0;439.0
-1;45000;KELP;2018;26;;;;;2022;26;;;;;2020.0;2.0570068359375
-1;45100;KELP;2019;27;;;;;2021;5;2022;27;;;2020.0;2.274169921875
-1;45100;RAINFOREST_RESIN;9996;1;9995;26;;;10004;1;10005;26;;;10000.0;441.0
-1;45200;RAINFOREST_RESIN;9996;1;9995;28;;;10004;1;10005;28;;;10000.0;441.0
-1;45200;KELP;2019;29;;;;;2021;6;2022;29;;;2020.0;2.229248046875
-1;45300;KELP;2018;26;;;;;2021;22;;;;;2019.5;1.727294921875
-1;45300;RAINFOREST_RESIN;9995;22;;;;;10005;22;;;;;10000.0;441.0
-1;45400;RAINFOREST_RESIN;9996;2;9995;21;;;9998;1;10004;2;10005;21;9997.0;441.0
-1;45400;KELP;2018;22;;;;;2020;2;2021;23;;;2019.0;1.42626953125
-1;45500;KELP;2018;25;;;;;2019;3;2021;25;;;2018.5;1.512939453125
-1;45500;RAINFOREST_RESIN;9996;1;9995;24;;;10000;3;10004;1;10005;24;9998.0;443.0
-1;45600;RAINFOREST_RESIN;9995;26;;;;;10002;5;10005;26;;;9998.5;443.0
-1;45600;KELP;2018;33;;;;;2021;26;;;;;2019.5;1.611328125
-1;45700;KELP;2018;24;;;;;2021;24;;;;;2019.5;1.624755859375
-1;45700;RAINFOREST_RESIN;9995;24;;;;;10005;24;;;;;10000.0;443.0
-1;45800;RAINFOREST_RESIN;9996;1;9995;27;;;10004;1;10005;27;;;10000.0;443.0
-1;45800;KELP;2018;27;;;;;2021;28;;;;;2019.5;1.6888427734375
-1;45900;KELP;2019;4;2018;31;;;2022;31;;;;;2020.5;1.963623046875
-1;45900;RAINFOREST_RESIN;9996;1;9995;30;;;10004;1;10005;30;;;10000.0;443.0
-1;46000;RAINFOREST_RESIN;9996;2;9995;24;;;10004;2;10005;24;;;10000.0;445.0
-1;46000;KELP;2019;2;2018;24;;;2022;26;;;;;2020.5;3.7989501953125
-1;46100;KELP;2019;25;;;;;2022;25;;;;;2020.5;3.7156982421875
-1;46100;RAINFOREST_RESIN;9998;6;9996;2;9995;23;10004;2;10005;23;;;10001.0;445.0
-1;46200;RAINFOREST_RESIN;9998;2;9996;1;9995;27;10004;1;10005;27;;;10001.0;445.0
-1;46200;KELP;2018;28;;;;;2021;1;2022;27;;;2019.5;4.1405029296875
-1;46300;KELP;2018;29;;;;;2021;29;;;;;2019.5;4.382080078125
-1;46300;RAINFOREST_RESIN;9996;2;9995;27;;;10004;2;10005;27;;;10000.0;445.0
-1;46400;RAINFOREST_RESIN;9995;22;;;;;10005;22;;;;;10000.0;445.0
-1;46400;KELP;2018;22;;;;;2022;22;;;;;2020.0;4.1650390625
-1;46500;KELP;2019;6;2018;31;;;2021;31;;;;;2020.0;4.2220458984375
-1;46500;RAINFOREST_RESIN;10000;6;9996;1;9995;30;10004;1;10005;30;;;10002.0;445.0
-1;46600;KELP;2019;3;2018;28;;;2021;1;2022;27;;;2020.0;4.1329345703125
-1;46600;RAINFOREST_RESIN;9998;10;9996;1;9995;27;10004;1;10005;27;;;10001.0;445.0
-1;46700;RAINFOREST_RESIN;9995;26;;;;;10005;26;;;;;10000.0;447.0
-1;46700;KELP;2019;26;;;;;2022;26;;;;;2020.5;3.7537841796875
-1;46800;RAINFOREST_RESIN;9996;1;9995;21;;;10004;1;10005;21;;;10000.0;447.0
-1;46800;KELP;2019;22;;;;;2022;22;;;;;2020.5;3.5057373046875
-1;46900;KELP;2021;1;2019;32;;;2022;32;;;;;2021.5;3.7275390625
-1;46900;RAINFOREST_RESIN;9996;2;9995;30;;;10004;2;10005;30;;;10000.0;447.0
-1;47000;KELP;2019;21;;;;;2022;21;;;;;2020.5;3.6534423828125
-1;47000;RAINFOREST_RESIN;9996;1;9995;20;;;10004;1;10005;20;;;10000.0;447.0
-1;47100;RAINFOREST_RESIN;9996;2;9995;24;;;9998;1;10004;2;10005;24;9997.0;447.0
-1;47100;KELP;2019;22;;;;;2022;26;;;;;2020.5;3.7265625
-1;47200;RAINFOREST_RESIN;10002;1;9996;2;9995;28;10004;2;10005;28;;;10003.0;449.0
-1;47200;KELP;2019;30;;;;;2022;30;;;;;2020.5;3.6988525390625
-1;47300;KELP;2019;25;;;;;2021;1;2022;25;;;2020.0;3.619140625
-1;47300;RAINFOREST_RESIN;10002;1;9998;3;9995;25;10005;25;;;;;10003.5;451.0
-1;47400;KELP;2019;25;;;;;2022;24;;;;;2020.5;3.4239501953125
-1;47400;RAINFOREST_RESIN;9995;24;;;;;10002;9;10005;24;;;9998.5;453.0
-1;47500;RAINFOREST_RESIN;9995;30;;;;;10002;1;10005;30;;;9998.5;453.0
-1;47500;KELP;2019;30;;;;;2021;6;2022;30;;;2020.0;3.4462890625
-1;47600;RAINFOREST_RESIN;9996;1;9995;27;;;10004;1;10005;27;;;10000.0;453.0
-1;47600;KELP;2019;28;;;;;2022;28;;;;;2020.5;3.2733154296875
-1;47700;KELP;2019;23;;;;;2022;23;;;;;2020.5;3.2333984375
-1;47700;RAINFOREST_RESIN;9996;1;9995;22;;;10002;8;10004;1;10005;22;9999.0;453.0
-1;47800;KELP;2019;23;;;;;2022;1;2023;22;;;2020.5;3.181884765625
-1;47800;RAINFOREST_RESIN;9996;1;9995;22;;;10002;8;10004;1;10005;22;9999.0;453.0
-1;47900;RAINFOREST_RESIN;10002;1;9995;27;;;10005;27;;;;;10003.5;453.0
-1;47900;KELP;2019;27;;;;;2023;27;;;;;2021.0;3.1646728515625
-1;48000;RAINFOREST_RESIN;9995;27;;;;;10005;27;;;;;10000.0;455.0
-1;48000;KELP;2019;27;;;;;2023;27;;;;;2021.0;3.18359375
-1;48100;KELP;2019;22;;;;;2022;21;;;;;2020.5;3.3638916015625
-1;48100;RAINFOREST_RESIN;9995;21;;;;;10002;9;10005;21;;;9998.5;455.0
-1;48200;KELP;2019;25;;;;;2022;25;;;;;2020.5;3.419189453125
-1;48200;RAINFOREST_RESIN;9998;5;9995;25;;;10005;25;;;;;10001.5;457.0
-1;48300;RAINFOREST_RESIN;9996;1;9995;28;;;9998;1;10000;5;10004;1;9997.0;457.0
-1;48300;KELP;2018;29;;;;;2019;5;2022;29;;;2018.5;4.087890625
-1;48400;RAINFOREST_RESIN;9995;27;;;;;10002;7;10005;27;;;9998.5;459.0
-1;48400;KELP;2019;1;2018;27;;;2022;27;;;;;2020.5;9.185546875
-1;48500;KELP;2019;1;2018;29;;;2022;29;;;;;2020.5;8.9765625
-1;48500;RAINFOREST_RESIN;9995;29;;;;;9998;1;10005;29;;;9996.5;459.0
-1;48600;KELP;2019;1;2018;29;;;2022;29;;;;;2020.5;9.04736328125
-1;48600;RAINFOREST_RESIN;9996;1;9995;28;;;10004;1;10005;28;;;10000.0;461.0
-1;48700;RAINFOREST_RESIN;9996;1;9995;22;;;10004;1;10005;22;;;10000.0;463.0
-1;48700;KELP;2018;23;;;;;2022;23;;;;;2020.0;8.791015625
-1;48800;RAINFOREST_RESIN;9996;1;9995;23;;;10004;1;10005;23;;;10000.0;463.0
-1;48800;KELP;2019;29;;;;;2022;24;;;;;2020.5;9.96923828125
-1;48900;KELP;2019;34;;;;;2022;27;;;;;2020.5;10.423828125
-1;48900;RAINFOREST_RESIN;9995;27;;;;;10005;27;;;;;10000.0;463.0
-1;49000;KELP;2019;39;;;;;2022;32;;;;;2020.5;10.0615234375
-1;49000;RAINFOREST_RESIN;9996;2;9995;30;;;10004;2;10005;30;;;10000.0;463.0
-1;49100;RAINFOREST_RESIN;9996;2;9995;30;;;10004;2;10005;30;;;10000.0;463.0
-1;49100;KELP;2019;40;;;;;2022;32;;;;;2020.5;11.17236328125
-1;49200;RAINFOREST_RESIN;9996;1;9995;20;;;10004;1;10005;20;;;10000.0;463.0
-1;49200;KELP;2019;21;;;;;2022;21;;;;;2020.5;10.28125
-1;49300;KELP;2019;21;;;;;2022;22;;;;;2020.5;13.5556640625
-1;49300;RAINFOREST_RESIN;9998;9;9996;1;9995;21;10004;1;10005;21;;;10001.0;463.0
-1;49400;KELP;2021;9;2020;5;2019;20;2022;20;;;;;2021.5;13.6915283203125
-1;49400;RAINFOREST_RESIN;9995;20;;;;;10005;20;;;;;10000.0;463.0
-1;49500;RAINFOREST_RESIN;9996;2;9995;30;;;10004;2;10005;30;;;10000.0;463.0
-1;49500;KELP;2019;40;;;;;2022;32;;;;;2020.5;13.5079345703125
-1;49600;RAINFOREST_RESIN;9995;24;;;;;10005;24;;;;;10000.0;463.0
-1;49600;KELP;2021;1;2019;24;;;2022;24;;;;;2021.5;13.3431396484375
-1;49700;KELP;2019;28;;;;;2022;28;;;;;2020.5;13.3922119140625
-1;49700;RAINFOREST_RESIN;9998;7;9996;2;9995;26;10004;2;10005;26;;;10001.0;463.0
-1;49800;KELP;2019;25;;;;;2020;5;2023;25;;;2019.5;12.9312744140625
-1;49800;RAINFOREST_RESIN;9996;2;9995;23;;;10004;2;10005;23;;;10000.0;463.0
-1;49900;RAINFOREST_RESIN;9998;3;9995;23;;;10005;23;;;;;10001.5;463.0
-1;49900;KELP;2019;23;;;;;2023;23;;;;;2021.0;13.0423583984375
-1;50000;RAINFOREST_RESIN;9996;1;9995;20;;;10004;1;10005;20;;;10000.0;467.0
-1;50000;KELP;2019;21;;;;;2022;1;2023;20;;;2020.5;15.447265625
-1;50100;KELP;2019;24;;;;;2021;2;2022;24;;;2020.0;15.833984375
-1;50100;RAINFOREST_RESIN;9995;24;;;;;10005;24;;;;;10000.0;467.0
-1;50200;KELP;2019;24;;;;;2023;24;;;;;2021.0;14.9248046875
-1;50200;RAINFOREST_RESIN;9995;24;;;;;10005;24;;;;;10000.0;467.0
-1;50300;RAINFOREST_RESIN;9995;30;;;;;10002;10;10005;30;;;9998.5;467.0
-1;50300;KELP;2019;30;;;;;2023;30;;;;;2021.0;14.646484375
-1;50400;RAINFOREST_RESIN;9998;4;9996;1;9995;22;10000;2;10004;1;10005;22;9999.0;467.0
-1;50400;KELP;2019;23;;;;;2021;3;2023;23;;;2020.0;14.703125
-1;50500;KELP;2019;25;;;;;2023;25;;;;;2021.0;14.8056640625
-1;50500;RAINFOREST_RESIN;9996;2;9995;23;;;10004;2;10005;23;;;10000.0;467.0
-1;50600;KELP;2019;21;;;;;2020;6;2023;23;;;2019.5;14.5732421875
-1;50600;RAINFOREST_RESIN;10002;1;9996;2;9995;21;10004;2;10005;21;;;10003.0;467.0
-1;50700;RAINFOREST_RESIN;9996;2;9995;22;;;10004;2;10005;22;;;10000.0;470.0
-1;50700;KELP;2020;24;;;;;2023;24;;;;;2021.5;14.353515625
-1;50800;RAINFOREST_RESIN;10002;5;9996;2;9995;22;10004;2;10005;22;;;10003.0;470.0
-1;50800;KELP;2022;1;2020;24;;;2023;24;;;;;2022.5;13.93310546875
-1;50900;KELP;2020;28;;;;;2022;4;2023;28;;;2021.0;13.744140625
-1;50900;RAINFOREST_RESIN;9996;1;9995;27;;;10004;1;10005;27;;;10000.0;480.0
-1;51000;KELP;2020;28;;;;;2023;28;;;;;2021.5;14.01220703125
-1;51000;RAINFOREST_RESIN;9996;2;9995;26;;;10004;2;10005;26;;;10000.0;480.0
-1;51100;RAINFOREST_RESIN;9998;6;9996;1;9995;25;10004;1;10005;25;;;10001.0;480.0
-1;51100;KELP;2020;26;;;;;2023;26;;;;;2021.5;13.4375
-1;51200;RAINFOREST_RESIN;9996;2;9995;28;;;10004;2;10005;28;;;10000.0;480.0
-1;51200;KELP;2020;30;;;;;2023;30;;;;;2021.5;13.806640625
-1;51300;KELP;2020;25;;;;;2023;25;;;;;2021.5;12.759765625
-1;51300;RAINFOREST_RESIN;9996;1;9995;24;;;10004;1;10005;24;;;10000.0;480.0
-1;51400;KELP;2020;30;;;;;2023;30;;;;;2021.5;13.3642578125
-1;51400;RAINFOREST_RESIN;9995;30;;;;;10002;3;10005;30;;;9998.5;480.0
-1;51500;RAINFOREST_RESIN;9995;30;;;;;10005;30;;;;;10000.0;480.0
-1;51500;KELP;2022;1;2020;30;;;2023;30;;;;;2022.5;13.43359375
-1;51600;RAINFOREST_RESIN;10000;5;9996;2;9995;22;10002;1;10004;2;10005;22;10001.0;480.0
-1;51600;KELP;2021;5;2020;24;;;2023;24;;;;;2022.0;13.28564453125
-1;51700;KELP;2020;16;;;;;2023;20;;;;;2021.5;13.744140625
-1;51700;RAINFOREST_RESIN;9995;20;;;;;10005;20;;;;;10000.0;482.0
-1;51800;KELP;2020;1;2019;24;;;2023;25;;;;;2021.5;14.38525390625
-1;51800;RAINFOREST_RESIN;9996;1;9995;24;;;10004;1;10005;24;;;10000.0;487.0
-1;51900;RAINFOREST_RESIN;9996;1;9995;23;;;10004;1;10005;23;;;10000.0;487.0
-1;51900;KELP;2021;4;2019;24;;;2023;24;;;;;2022.0;14.9638671875
-1;52000;RAINFOREST_RESIN;9998;3;9995;29;;;10005;29;;;;;10001.5;492.0
-1;52000;KELP;2019;29;;;;;2021;6;2023;29;;;2020.0;14.6318359375
-1;52100;KELP;2019;21;;;;;2023;21;;;;;2021.0;14.57080078125
-1;52100;RAINFOREST_RESIN;9995;21;;;;;10005;21;;;;;10000.0;492.0
-1;52200;KELP;2019;31;;;;;2023;31;;;;;2021.0;15.08544921875
-1;52200;RAINFOREST_RESIN;9996;2;9995;29;;;10004;2;10005;29;;;10000.0;497.0
-1;52300;RAINFOREST_RESIN;10002;1;9996;1;9995;27;10004;1;10005;27;;;10003.0;497.0
-1;52300;KELP;2022;1;2019;28;;;2023;28;;;;;2022.5;14.78759765625
-1;52400;RAINFOREST_RESIN;9998;3;9996;1;9995;29;10004;1;10005;29;;;10001.0;499.0
-1;52400;KELP;2020;30;;;;;2023;30;;;;;2021.5;13.474609375
-1;52500;KELP;2022;1;2020;28;;;2023;28;;;;;2022.5;13.638671875
-1;52500;RAINFOREST_RESIN;9996;1;9995;27;;;9998;1;10004;1;10005;27;9997.0;499.0
-1;52600;RAINFOREST_RESIN;9998;1;9996;1;9995;22;10000;4;10004;1;10005;22;9999.0;501.0
-1;52600;KELP;2020;1;2019;22;;;2021;4;2023;23;;;2020.5;14.66064453125
-1;52700;KELP;2019;26;;;;;2023;27;;;;;2021.0;15.1220703125
-1;52700;RAINFOREST_RESIN;9996;2;9995;25;;;10004;2;10005;25;;;10000.0;501.0
-1;52800;RAINFOREST_RESIN;9995;26;;;;;10005;26;;;;;10000.0;501.0
-1;52800;KELP;2019;26;;;;;2023;26;;;;;2021.0;14.3857421875
-1;52900;KELP;2020;30;;;;;2023;30;;;;;2021.5;14.28759765625
-1;52900;RAINFOREST_RESIN;9995;30;;;;;10005;30;;;;;10000.0;501.0
-1;53000;RAINFOREST_RESIN;10002;1;9996;1;9995;20;10004;1;10005;20;;;10003.0;506.0
-1;53000;KELP;2020;21;;;;;2023;21;;;;;2021.5;13.806640625
-1;53100;KELP;2019;24;;;;;2023;24;;;;;2021.0;14.85791015625
-1;53100;RAINFOREST_RESIN;9995;24;;;;;10005;24;;;;;10000.0;508.0
-1;53200;RAINFOREST_RESIN;9996;1;9995;30;;;10004;1;10005;30;;;10000.0;508.0
-1;53200;KELP;2022;1;2019;31;;;2023;31;;;;;2022.5;14.72509765625
-1;53300;KELP;2020;29;;;;;2023;29;;;;;2021.5;14.26123046875
-1;53300;RAINFOREST_RESIN;9995;29;;;;;10005;29;;;;;10000.0;508.0
-1;53400;RAINFOREST_RESIN;9998;6;9996;2;9995;23;10004;2;10005;23;;;10001.0;508.0
-1;53400;KELP;2020;25;;;;;2023;25;;;;;2021.5;13.5927734375
-1;53500;KELP;2020;23;;;;;2023;23;;;;;2021.5;13.9443359375
-1;53500;RAINFOREST_RESIN;9996;2;9995;21;;;10002;1;10004;2;10005;21;9999.0;508.0
-1;53600;RAINFOREST_RESIN;9995;24;;;;;9998;9;10005;24;;;9996.5;508.0
-1;53600;KELP;2020;24;;;;;2023;24;;;;;2021.5;14.30078125
-1;53700;KELP;2019;30;;;;;2023;30;;;;;2021.0;14.650390625
-1;53700;RAINFOREST_RESIN;9998;1;9995;30;;;10005;30;;;;;10001.5;526.0
-1;53800;RAINFOREST_RESIN;10002;3;9995;30;;;10005;30;;;;;10003.5;526.0
-1;53800;KELP;2019;30;;;;;2023;30;;;;;2021.0;14.71240234375
-1;53900;KELP;2019;27;;;;;2023;27;;;;;2021.0;14.8935546875
-1;53900;RAINFOREST_RESIN;9996;2;9995;25;;;10004;2;10005;25;;;10000.0;532.0
-1;54000;RAINFOREST_RESIN;9998;6;9996;1;9995;30;10004;1;10005;30;;;10001.0;534.0
-1;54000;KELP;2020;31;;;;;2022;1;2023;31;;;2021.0;13.82177734375
-1;54100;KELP;2020;24;;;;;2022;2;2023;24;;;2021.0;13.94140625
-1;54100;RAINFOREST_RESIN;9998;2;9996;2;9995;22;10004;2;10005;22;;;10001.0;534.0
-1;54200;RAINFOREST_RESIN;9995;28;;;;;10005;28;;;;;10000.0;534.0
-1;54200;KELP;2020;28;;;;;2023;28;;;;;2021.5;14.025390625
-1;54300;KELP;2022;1;2019;25;;;2023;25;;;;;2022.5;15.0244140625
-1;54300;RAINFOREST_RESIN;9996;2;9995;23;;;10004;2;10005;23;;;10000.0;534.0
-1;54400;RAINFOREST_RESIN;9995;29;;;;;10005;29;;;;;10000.0;539.0
-1;54400;KELP;2019;29;;;;;2022;29;;;;;2020.5;15.7197265625
-1;54500;KELP;2019;21;;;;;2022;21;;;;;2020.5;16.00830078125
-1;54500;RAINFOREST_RESIN;9996;1;9995;20;;;10004;1;10005;20;;;10000.0;539.0
-1;54600;RAINFOREST_RESIN;10002;3;9995;27;;;10005;27;;;;;10003.5;539.0
-1;54600;KELP;2019;27;;;;;2023;27;;;;;2021.0;15.6181640625
-1;54700;KELP;2019;29;;;;;2020;4;2022;29;;;2019.5;15.732421875
-1;54700;RAINFOREST_RESIN;9996;2;9995;27;;;10004;2;10005;27;;;10000.0;545.0
-1;54800;RAINFOREST_RESIN;9998;8;9995;27;;;10005;27;;;;;10001.5;545.0
-1;54800;KELP;2019;27;;;;;2021;1;2022;27;;;2020.0;15.833984375
-1;54900;KELP;2019;29;;;;;2022;29;;;;;2020.5;15.990234375
-1;54900;RAINFOREST_RESIN;9996;1;9995;28;;;10002;3;10004;1;10005;28;9999.0;545.0
-1;55000;RAINFOREST_RESIN;9996;2;9995;28;;;10002;8;10004;2;10005;28;9999.0;545.0
-1;55000;KELP;2019;36;;;;;2022;30;;;;;2020.5;16.65966796875
-1;55100;KELP;2019;37;;;;;2022;29;;;;;2020.5;17.119140625
-1;55100;RAINFOREST_RESIN;9995;29;;;;;10005;29;;;;;10000.0;545.0
-1;55200;RAINFOREST_RESIN;9996;2;9995;21;;;10004;2;10005;21;;;10000.0;549.0
-1;55200;KELP;2018;21;;;;;2019;3;2020;8;2022;23;2018.5;17.5185546875
-1;55300;RAINFOREST_RESIN;9996;2;9995;27;;;9998;1;10002;2;10004;2;9997.0;549.0
-1;55300;KELP;2018;29;;;;;2022;29;;;;;2020.0;21.0
-1;55400;RAINFOREST_RESIN;9998;3;9996;1;9995;21;10004;1;10005;21;;;10001.0;551.0
-1;55400;KELP;2019;2;2018;22;;;2022;22;;;;;2020.5;21.0
-1;55500;KELP;2021;1;2019;4;2018;25;2022;25;;;;;2021.5;21.0
-1;55500;RAINFOREST_RESIN;9995;25;;;;;10002;9;10005;25;;;9998.5;551.0
-1;55600;KELP;2019;3;2018;26;;;2022;26;;;;;2020.5;21.0
-1;55600;RAINFOREST_RESIN;9995;26;;;;;10005;26;;;;;10000.0;551.0
-1;55700;RAINFOREST_RESIN;9996;2;9995;21;;;10004;2;10005;21;;;10000.0;551.0
-1;55700;KELP;2019;25;;;;;2022;23;;;;;2020.5;21.0
-1;55800;RAINFOREST_RESIN;9998;6;9996;1;9995;26;10004;1;10005;26;;;10001.0;552.0
-1;55800;KELP;2018;27;;;;;2022;27;;;;;2020.0;21.0
-1;55900;KELP;2018;22;;;;;2022;22;;;;;2020.0;21.0
-1;55900;RAINFOREST_RESIN;9995;22;;;;;10005;22;;;;;10000.0;552.0
-1;56000;KELP;2018;24;;;;;2019;3;2021;2;2022;22;2018.5;21.0
-1;56000;RAINFOREST_RESIN;9996;2;9995;22;;;10002;10;10004;2;10005;22;9999.0;552.0
-1;56100;RAINFOREST_RESIN;9996;2;9995;20;;;10004;2;10005;20;;;10000.0;552.0
-1;56100;KELP;2019;22;;;;;2022;22;;;;;2020.5;21.0
-1;56200;RAINFOREST_RESIN;9996;1;9995;29;;;10004;1;10005;29;;;10000.0;552.0
-1;56200;KELP;2020;2;2018;30;;;2022;30;;;;;2021.0;21.0
-1;56300;KELP;2019;6;2018;27;;;2022;27;;;;;2020.5;21.0
-1;56300;RAINFOREST_RESIN;10002;1;9996;2;9995;25;10004;2;10005;25;;;10003.0;552.0
-1;56400;KELP;2018;31;;;;;2022;31;;;;;2020.0;21.0
-1;56400;RAINFOREST_RESIN;9996;1;9995;30;;;10004;1;10005;30;;;10000.0;554.0
-1;56500;RAINFOREST_RESIN;9996;2;9995;27;;;10004;2;10005;27;;;10000.0;554.0
-1;56500;KELP;2018;29;;;;;2022;29;;;;;2020.0;21.0
-1;56600;RAINFOREST_RESIN;9996;2;9995;29;;;10002;4;10004;2;10005;29;9999.0;554.0
-1;56600;KELP;2019;2;2018;29;;;2022;31;;;;;2020.5;21.0
-1;56700;KELP;2020;6;2018;26;;;2022;26;;;;;2021.0;21.0
-1;56700;RAINFOREST_RESIN;9998;3;9996;2;9995;24;10000;2;10004;2;10005;24;9999.0;554.0
-1;56800;KELP;2018;24;;;;;2021;2;2022;22;;;2019.5;21.0
-1;56800;RAINFOREST_RESIN;10002;1;9998;10;9996;2;10004;2;10005;22;;;10003.0;554.0
-1;56900;RAINFOREST_RESIN;9996;2;9995;20;;;10004;2;10005;20;;;10000.0;556.0
-1;56900;KELP;2018;24;;;;;2021;22;;;;;2019.5;21.0
-1;57000;RAINFOREST_RESIN;9996;1;9995;27;;;10004;1;10005;27;;;10000.0;556.0
-1;57000;KELP;2018;28;;;;;2020;8;2021;28;;;2019.0;21.0
-1;57100;KELP;2017;27;;;;;2020;27;;;;;2018.5;21.0
-1;57100;RAINFOREST_RESIN;9996;2;9995;25;;;10004;2;10005;25;;;10000.0;556.0
-1;57200;KELP;2019;1;2017;27;;;2020;27;;;;;2019.5;21.0
-1;57200;RAINFOREST_RESIN;10002;2;9996;1;9995;26;10004;1;10005;26;;;10003.0;556.0
-1;57300;RAINFOREST_RESIN;9996;1;9995;26;;;10002;9;10004;1;10005;26;9999.0;560.0
-1;57300;KELP;2017;27;;;;;2020;27;;;;;2018.5;21.0
-1;57400;RAINFOREST_RESIN;9995;24;;;;;10005;24;;;;;10000.0;560.0
-1;57400;KELP;2017;24;;;;;2019;2;2020;24;;;2018.0;21.0
-1;57500;KELP;2019;5;2017;30;;;2020;25;;;;;2019.5;21.0
-1;57500;RAINFOREST_RESIN;9998;5;9996;2;9995;23;10004;2;10005;23;;;10001.0;560.0
-1;57600;KELP;2017;24;;;;;2020;24;;;;;2018.5;21.0
-1;57600;RAINFOREST_RESIN;9995;24;;;;;10005;24;;;;;10000.0;560.0
-1;57700;RAINFOREST_RESIN;9995;29;;;;;10005;29;;;;;10000.0;560.0
-1;57700;KELP;2017;29;;;;;2020;29;;;;;2018.5;21.0
-1;57800;RAINFOREST_RESIN;9998;1;9996;2;9995;29;10004;2;10005;29;;;10001.0;560.0
-1;57800;KELP;2017;31;;;;;2020;2;2021;29;;;2018.5;21.0
-1;57900;KELP;2017;27;;;;;2018;6;2019;5;2020;2;2017.5;21.0
-1;57900;RAINFOREST_RESIN;9996;2;9995;25;;;9998;1;10000;6;10004;2;9997.0;560.0
-1;58000;KELP;2017;29;;;;;2020;1;2021;24;;;2018.5;21.0
-1;58000;RAINFOREST_RESIN;9996;1;9995;24;;;9998;4;10004;1;10005;24;9997.0;562.0
-1;58100;RAINFOREST_RESIN;9995;23;;;;;10005;23;;;;;10000.0;570.0
-1;58100;KELP;2017;23;;;;;2020;23;;;;;2018.5;21.0
-1;58200;RAINFOREST_RESIN;9996;1;9995;30;;;10004;1;10005;30;;;10000.0;573.0
-1;58200;KELP;2017;31;;;;;2020;31;;;;;2018.5;21.0
-1;58300;KELP;2017;29;;;;;2020;29;;;;;2018.5;21.0
-1;58300;RAINFOREST_RESIN;9995;29;;;;;10005;29;;;;;10000.0;573.0
-1;58400;KELP;2016;23;;;;;2018;1;2019;23;;;2017.0;21.0
-1;58400;RAINFOREST_RESIN;9996;2;9995;21;;;10004;2;10005;21;;;10000.0;573.0
-1;58500;RAINFOREST_RESIN;9995;21;;;;;10002;1;10005;21;;;9998.5;573.0
-1;58500;KELP;2016;21;;;;;2019;21;;;;;2017.5;22.1796875
-1;58600;RAINFOREST_RESIN;10002;1;9995;25;;;10005;25;;;;;10003.5;573.0
-1;58600;KELP;2015;25;;;;;2017;7;2019;25;;;2016.0;20.896484375
-1;58700;KELP;2015;34;;;;;2018;32;;;;;2016.5;19.5537109375
-1;58700;RAINFOREST_RESIN;9996;2;9995;30;;;10004;2;10005;30;;;10000.0;575.0
-1;58800;KELP;2015;29;;;;;2019;29;;;;;2017.0;20.74609375
-1;58800;RAINFOREST_RESIN;9995;29;;;;;10002;1;10005;29;;;9998.5;575.0
-1;58900;RAINFOREST_RESIN;9996;1;9995;24;;;10004;1;10005;24;;;10000.0;580.0
-1;58900;KELP;2015;25;;;;;2019;25;;;;;2017.0;21.47265625
-1;59000;RAINFOREST_RESIN;9996;2;9995;20;;;10004;2;10005;20;;;10000.0;580.0
-1;59000;KELP;2016;22;;;;;2019;22;;;;;2017.5;22.884765625
-1;59100;KELP;2016;34;;;;;2019;27;;;;;2017.5;24.041015625
-1;59100;RAINFOREST_RESIN;9995;27;;;;;10005;27;;;;;10000.0;580.0
-1;59200;KELP;2016;31;;;;;2020;31;;;;;2018.0;26.28857421875
-1;59200;RAINFOREST_RESIN;9998;4;9996;2;9995;29;10004;2;10005;29;;;10001.0;582.0
-1;59300;RAINFOREST_RESIN;9996;1;9995;26;;;10004;1;10005;26;;;10000.0;582.0
-1;59300;KELP;2016;26;;;;;2018;2;2019;27;;;2017.0;24.5673828125
-1;59400;RAINFOREST_RESIN;9996;1;9995;21;;;10004;1;10005;21;;;10000.0;582.0
-1;59400;KELP;2015;22;;;;;2019;22;;;;;2017.0;22.33544921875
-1;59500;KELP;2015;23;;;;;2019;23;;;;;2017.0;22.70703125
-1;59500;RAINFOREST_RESIN;10002;5;9995;23;;;10005;23;;;;;10003.5;582.0
-1;59600;KELP;2016;29;;;;;2019;29;;;;;2017.5;23.17333984375
-1;59600;RAINFOREST_RESIN;9996;2;9995;27;;;10004;2;10005;27;;;10000.0;592.0
-1;59700;RAINFOREST_RESIN;9995;21;;;;;10005;21;;;;;10000.0;592.0
-1;59700;KELP;2015;21;;;;;2018;21;;;;;2016.5;19.82568359375
-1;59800;RAINFOREST_RESIN;9996;1;9995;24;;;10004;1;10005;24;;;10000.0;592.0
-1;59800;KELP;2015;25;;;;;2018;25;;;;;2016.5;20.2880859375
-1;59900;KELP;2015;24;;;;;2018;24;;;;;2016.5;19.79443359375
-1;59900;RAINFOREST_RESIN;9996;1;9995;23;;;10002;6;10004;1;10005;23;9999.0;592.0
-1;60000;KELP;2015;22;;;;;2018;22;;;;;2016.5;20.19921875
-1;60000;RAINFOREST_RESIN;9998;3;9995;22;;;10005;22;;;;;10001.5;592.0
-1;60100;RAINFOREST_RESIN;9996;2;9995;25;;;10004;2;10005;25;;;10000.0;596.0
-1;60100;KELP;2015;27;;;;;2018;27;;;;;2016.5;20.412109375
-1;60200;RAINFOREST_RESIN;9995;25;;;;;10005;25;;;;;10000.0;596.0
-1;60200;KELP;2016;3;2015;25;;;2018;25;;;;;2017.0;19.72607421875
-1;60300;KELP;2015;28;;;;;2018;28;;;;;2016.5;19.6396484375
-1;60300;RAINFOREST_RESIN;9996;1;9995;27;;;10004;1;10005;27;;;10000.0;601.0
-1;60400;KELP;2015;1;2014;20;;;2018;21;;;;;2016.5;19.359375
-1;60400;RAINFOREST_RESIN;9996;1;9995;20;;;9998;1;10004;1;10005;20;9997.0;601.0
-1;60500;RAINFOREST_RESIN;9996;1;9995;23;;;10004;1;10005;23;;;10000.0;603.0
-1;60500;KELP;2015;24;;;;;2018;24;;;;;2016.5;20.9326171875
-1;60600;RAINFOREST_RESIN;9996;2;9995;22;;;10004;2;10005;22;;;10000.0;603.0
-1;60600;KELP;2015;26;;;;;2018;24;;;;;2016.5;20.8466796875
-1;60700;KELP;2015;22;;;;;2017;5;2018;22;;;2016.0;20.8232421875
-1;60700;RAINFOREST_RESIN;9995;22;;;;;10005;22;;;;;10000.0;603.0
-1;60800;KELP;2015;31;;;;;2018;32;;;;;2016.5;20.8642578125
-1;60800;RAINFOREST_RESIN;10002;10;9996;2;9995;30;10004;2;10005;30;;;10003.0;603.0
-1;60900;RAINFOREST_RESIN;9996;2;9995;29;;;10004;2;10005;29;;;10000.0;623.0
-1;60900;KELP;2015;28;;;;;2017;4;2018;31;;;2016.0;20.15576171875
-1;61000;RAINFOREST_RESIN;9995;28;;;;;10005;28;;;;;10000.0;623.0
-1;61000;KELP;2015;28;;;;;2018;28;;;;;2016.5;20.54736328125
-1;61100;KELP;2015;29;;;;;2017;3;2018;29;;;2016.0;19.67822265625
-1;61100;RAINFOREST_RESIN;9995;29;;;;;10005;29;;;;;10000.0;623.0
-1;61200;KELP;2015;22;;;;;2016;2;2018;22;;;2015.5;20.416015625
-1;61200;RAINFOREST_RESIN;9998;9;9996;1;9995;21;10000;2;10004;1;10005;21;9999.0;623.0
-1;61300;RAINFOREST_RESIN;9996;1;9995;22;;;10004;1;10005;22;;;10000.0;623.0
-1;61300;KELP;2015;23;;;;;2018;23;;;;;2016.5;21.21240234375
-1;61400;RAINFOREST_RESIN;9996;1;9995;30;;;10004;1;10005;30;;;10000.0;623.0
-1;61400;KELP;2015;31;;;;;2018;1;2019;30;;;2016.5;21.509765625
-1;61500;KELP;2015;29;;;;;2018;29;;;;;2016.5;20.3466796875
-1;61500;RAINFOREST_RESIN;9996;2;9995;27;;;10004;2;10005;27;;;10000.0;623.0
-1;61600;RAINFOREST_RESIN;9996;2;9995;28;;;10004;2;10005;28;;;10000.0;623.0
-1;61600;KELP;2015;30;;;;;2017;5;2018;30;;;2016.0;19.70947265625
-1;61700;KELP;2014;26;;;;;2016;7;2017;27;;;2015.0;17.580078125
-1;61700;RAINFOREST_RESIN;9996;1;9995;26;;;10004;1;10005;26;;;10000.0;623.0
-1;61800;RAINFOREST_RESIN;9995;20;;;;;10005;20;;;;;10000.0;623.0
-1;61800;KELP;2015;20;;;;;2018;20;;;;;2016.5;19.8359375
-1;61900;KELP;2014;26;;;;;2017;26;;;;;2015.5;17.8212890625
-1;61900;RAINFOREST_RESIN;9995;26;;;;;9998;1;10005;26;;;9996.5;623.0
-1;62000;RAINFOREST_RESIN;9995;20;;;;;10005;20;;;;;10000.0;627.0
-1;62000;KELP;2016;1;2014;20;;;2017;20;;;;;2016.5;17.98974609375
-1;62100;KELP;2014;25;;;;;2017;25;;;;;2015.5;18.17626953125
-1;62100;RAINFOREST_RESIN;9996;2;9995;23;;;10004;2;10005;23;;;10000.0;627.0
-1;62200;RAINFOREST_RESIN;9995;25;;;;;10002;3;10005;25;;;9998.5;627.0
-1;62200;KELP;2014;25;;;;;2017;25;;;;;2015.5;17.77001953125
-1;62300;KELP;2014;22;;;;;2017;22;;;;;2015.5;18.08056640625
-1;62300;RAINFOREST_RESIN;9995;22;;;;;10005;22;;;;;10000.0;627.0
-1;62400;RAINFOREST_RESIN;9996;2;9995;23;;;10004;2;10005;23;;;10000.0;631.0
-1;62400;KELP;2014;25;;;;;2016;8;2018;25;;;2015.0;19.30859375
-1;62500;KELP;2015;3;2014;23;;;2018;24;;;;;2016.5;19.388671875
-1;62500;RAINFOREST_RESIN;9996;1;9995;23;;;10004;1;10005;23;;;10000.0;631.0
-1;62600;RAINFOREST_RESIN;9995;29;;;;;10005;29;;;;;10000.0;631.0
-1;62600;KELP;2015;29;;;;;2018;29;;;;;2016.5;20.7529296875
-1;62700;KELP;2015;26;;;;;2018;26;;;;;2016.5;20.6337890625
-1;62700;RAINFOREST_RESIN;9996;2;9995;24;;;10004;2;10005;24;;;10000.0;631.0
-1;62800;RAINFOREST_RESIN;9995;26;;;;;10005;26;;;;;10000.0;631.0
-1;62800;KELP;2015;25;;;;;2017;1;2019;26;;;2016.0;21.72705078125
-1;62900;KELP;2016;29;;;;;2018;1;2019;29;;;2017.0;23.31982421875
-1;62900;RAINFOREST_RESIN;9996;2;9995;27;;;9998;4;10004;2;10005;27;9997.0;631.0
-1;63000;RAINFOREST_RESIN;9995;29;;;;;10005;29;;;;;10000.0;639.0
-1;63000;KELP;2016;29;;;;;2018;4;2019;29;;;2017.0;23.484375
-1;63100;KELP;2016;25;;;;;2020;26;;;;;2018.0;24.85498046875
-1;63100;RAINFOREST_RESIN;9996;2;9995;24;;;10004;2;10005;24;;;10000.0;639.0
-1;63200;RAINFOREST_RESIN;9995;28;;;;;10005;28;;;;;10000.0;639.0
-1;63200;KELP;2016;28;;;;;2020;28;;;;;2018.0;24.9609375
-1;63300;KELP;2016;32;;;;;2019;2;2020;30;;;2017.5;24.59423828125
-1;63300;RAINFOREST_RESIN;9996;2;9995;30;;;10004;2;10005;30;;;10000.0;639.0
-1;63400;RAINFOREST_RESIN;9996;2;9995;24;;;10004;2;10005;24;;;10000.0;639.0
-1;63400;KELP;2018;3;2016;26;;;2020;26;;;;;2019.0;24.7763671875
-1;63500;KELP;2016;22;;;;;2019;20;;;;;2017.5;24.31884765625
-1;63500;RAINFOREST_RESIN;9998;8;9995;20;;;10005;20;;;;;10001.5;639.0
-1;63600;RAINFOREST_RESIN;9995;21;;;;;10005;21;;;;;10000.0;639.0
-1;63600;KELP;2018;1;2016;21;;;2019;21;;;;;2018.5;24.046875
-1;63700;KELP;2017;8;2016;30;;;2019;2;2020;28;;;2018.0;24.5908203125
-1;63700;RAINFOREST_RESIN;9996;2;9995;28;;;10002;6;10004;2;10005;28;9999.0;639.0
-1;63800;RAINFOREST_RESIN;9996;1;9995;21;;;10004;1;10005;21;;;10000.0;639.0
-1;63800;KELP;2016;21;;;;;2018;7;2020;22;;;2017.0;24.9072265625
-1;63900;KELP;2016;21;;;;;2018;6;2020;21;;;2017.0;24.45263671875
-1;63900;RAINFOREST_RESIN;9995;21;;;;;10005;21;;;;;10000.0;639.0
-1;64000;RAINFOREST_RESIN;9998;6;9995;30;;;10005;30;;;;;10001.5;649.0
-1;64000;KELP;2016;30;;;;;2019;30;;;;;2017.5;24.1611328125
-1;64100;KELP;2016;27;;;;;2019;27;;;;;2017.5;24.16259765625
-1;64100;RAINFOREST_RESIN;9995;27;;;;;10002;6;10005;27;;;9998.5;649.0
-1;64200;KELP;2015;25;;;;;2018;25;;;;;2016.5;21.1298828125
-1;64200;RAINFOREST_RESIN;9996;1;9995;24;;;10004;1;10005;24;;;10000.0;649.0
-1;64300;RAINFOREST_RESIN;9998;7;9996;1;9995;22;10004;1;10005;22;;;10001.0;655.0
-1;64300;KELP;2015;23;;;;;2018;23;;;;;2016.5;20.36865234375
-1;64400;RAINFOREST_RESIN;9998;8;9996;2;9995;27;10004;2;10005;27;;;10001.0;655.0
-1;64400;KELP;2015;31;;;;;2018;29;;;;;2016.5;20.56298828125
-1;64500;KELP;2015;29;;;;;2017;6;2018;29;;;2016.0;20.845703125
-1;64500;RAINFOREST_RESIN;9998;5;9996;2;9995;27;10004;2;10005;27;;;10001.0;659.0
-1;64600;KELP;2015;26;;;;;2018;26;;;;;2016.5;20.537109375
-1;64600;RAINFOREST_RESIN;9995;26;;;;;10005;26;;;;;10000.0;659.0
-1;64700;RAINFOREST_RESIN;9995;28;;;;;10005;28;;;;;10000.0;659.0
-1;64700;KELP;2015;28;;;;;2018;28;;;;;2016.5;19.6455078125
-1;64800;RAINFOREST_RESIN;9996;2;9995;30;;;10004;2;10005;30;;;10000.0;659.0
-1;64800;KELP;2015;2;2014;30;;;2018;32;;;;;2016.5;19.58056640625
-1;64900;KELP;2015;31;;;;;2017;3;2018;31;;;2016.0;19.64501953125
-1;64900;RAINFOREST_RESIN;9996;2;9995;29;;;10004;2;10005;29;;;10000.0;659.0
-1;65000;KELP;2015;25;;;;;2018;25;;;;;2016.5;20.619140625
-1;65000;RAINFOREST_RESIN;9995;25;;;;;9998;1;10005;25;;;9996.5;659.0
-1;65100;RAINFOREST_RESIN;9996;2;9995;23;;;10004;2;10005;23;;;10000.0;661.0
-1;65100;KELP;2015;25;;;;;2018;25;;;;;2016.5;20.29052734375
-1;65200;RAINFOREST_RESIN;9998;8;9995;29;;;10005;29;;;;;10001.5;667.0
-1;65200;KELP;2017;1;2015;29;;;2019;29;;;;;2018.0;21.87841796875
-1;65300;KELP;2015;21;;;;;2017;2;2018;21;;;2016.0;20.845703125
-1;65300;RAINFOREST_RESIN;9995;21;;;;;10002;3;10005;21;;;9998.5;667.0
-1;65400;KELP;2015;28;;;;;2016;3;2018;28;;;2015.5;21.14794921875
-1;65400;RAINFOREST_RESIN;9996;2;9995;26;;;10000;3;10004;2;10005;26;9998.0;669.0
-1;65500;RAINFOREST_RESIN;9996;2;9995;27;;;10004;2;10005;27;;;10000.0;669.0
-1;65500;KELP;2015;36;;;;;2018;29;;;;;2016.5;20.52880859375
-1;65600;RAINFOREST_RESIN;9998;5;9995;20;;;10005;20;;;;;10001.5;669.0
-1;65600;KELP;2015;20;;;;;2019;20;;;;;2017.0;21.4931640625
-1;65700;KELP;2014;29;;;;;2018;29;;;;;2016.0;19.4677734375
-1;65700;RAINFOREST_RESIN;9995;29;;;;;10005;29;;;;;10000.0;669.0
-1;65800;KELP;2015;20;;;;;2017;7;2018;20;;;2016.0;19.7470703125
-1;65800;RAINFOREST_RESIN;9998;9;9995;20;;;10005;20;;;;;10001.5;669.0
-1;65900;RAINFOREST_RESIN;9996;1;9995;23;;;10004;1;10005;23;;;10000.0;669.0
-1;65900;KELP;2015;29;;;;;2018;24;;;;;2016.5;20.3369140625
-1;66000;RAINFOREST_RESIN;9998;4;9996;2;9995;22;10004;2;10005;22;;;10001.0;669.0
-1;66000;KELP;2015;24;;;;;2018;24;;;;;2016.5;20.40087890625
-1;66100;KELP;2015;27;;;;;2018;27;;;;;2016.5;20.7333984375
-1;66100;RAINFOREST_RESIN;9996;1;9995;26;;;9998;1;10004;1;10005;26;9997.0;669.0
-1;66200;KELP;2016;5;2015;20;;;2019;20;;;;;2017.5;21.9599609375
-1;66200;RAINFOREST_RESIN;10002;1;10000;5;9995;20;10005;20;;;;;10003.5;671.0
-1;66300;RAINFOREST_RESIN;9996;1;9995;24;;;10004;1;10005;24;;;10000.0;673.0
-1;66300;KELP;2018;1;2016;2;2015;25;2019;25;;;;;2018.5;22.2333984375
-1;66400;RAINFOREST_RESIN;9995;21;;;;;9998;3;10005;21;;;9996.5;673.0
-1;66400;KELP;2015;21;;;;;2019;21;;;;;2017.0;23.3349609375
-1;66500;KELP;2015;22;;;;;2019;22;;;;;2017.0;23.213134765625
-1;66500;RAINFOREST_RESIN;9996;2;9995;20;;;10004;2;10005;20;;;10000.0;679.0
-1;66600;KELP;2015;22;;;;;2017;3;2019;22;;;2016.0;22.748779296875
-1;66600;RAINFOREST_RESIN;9995;22;;;;;10005;22;;;;;10000.0;679.0
-1;66700;RAINFOREST_RESIN;9998;9;9995;27;;;10005;27;;;;;10001.5;679.0
-1;66700;KELP;2014;27;;;;;2018;27;;;;;2016.0;20.973388671875
-1;66800;RAINFOREST_RESIN;9995;30;;;;;10005;30;;;;;10000.0;679.0
-1;66800;KELP;2014;30;;;;;2018;30;;;;;2016.0;21.170654296875
-1;66900;KELP;2017;1;2015;4;2014;23;2018;23;;;;;2017.5;21.271484375
-1;66900;RAINFOREST_RESIN;9998;4;9995;23;;;10005;23;;;;;10001.5;679.0
-1;67000;KELP;2015;25;;;;;2018;25;;;;;2016.5;21.6181640625
-1;67000;RAINFOREST_RESIN;9996;1;9995;24;;;10004;1;10005;24;;;10000.0;679.0
-1;67100;RAINFOREST_RESIN;9995;23;;;;;10005;23;;;;;10000.0;679.0
-1;67100;KELP;2015;23;;;;;2018;23;;;;;2016.5;21.47509765625
-1;67200;RAINFOREST_RESIN;9996;2;9995;20;;;10002;3;10004;2;10005;20;9999.0;679.0
-1;67200;KELP;2015;21;;;;;2018;22;;;;;2016.5;21.8681640625
-1;67300;KELP;2015;31;;;;;2018;30;;;;;2016.5;21.97265625
-1;67300;RAINFOREST_RESIN;9995;30;;;;;9998;3;10005;30;;;9996.5;679.0
-1;67400;KELP;2015;26;;;;;2018;26;;;;;2016.5;22.56005859375
-1;67400;RAINFOREST_RESIN;9998;4;9996;1;9995;25;10004;1;10005;25;;;10001.0;685.0
-1;67500;RAINFOREST_RESIN;9995;21;;;;;10005;21;;;;;10000.0;685.0
-1;67500;KELP;2015;20;;;;;2018;21;;;;;2016.5;22.399169921875
-1;67600;RAINFOREST_RESIN;9996;2;9995;25;;;10004;2;10005;25;;;10000.0;685.0
-1;67600;KELP;2015;27;;;;;2018;27;;;;;2016.5;22.295166015625
-1;67700;KELP;2015;33;;;;;2018;30;;;;;2016.5;22.45703125
-1;67700;RAINFOREST_RESIN;9996;1;9995;29;;;10004;1;10005;29;;;10000.0;685.0
-1;67800;KELP;2015;38;;;;;2018;30;;;;;2016.5;21.75732421875
-1;67800;RAINFOREST_RESIN;9998;3;9995;30;;;10005;30;;;;;10001.5;685.0
-1;67900;RAINFOREST_RESIN;9995;25;;;;;10005;25;;;;;10000.0;685.0
-1;67900;KELP;2015;25;;;;;2018;25;;;;;2016.5;22.38330078125
-1;68000;RAINFOREST_RESIN;9996;2;9995;21;;;10004;2;10005;21;;;10000.0;685.0
-1;68000;KELP;2015;23;;;;;2018;23;;;;;2016.5;22.465087890625
-1;68100;KELP;2015;31;;;;;2017;4;2018;31;;;2016.0;21.4873046875
-1;68100;RAINFOREST_RESIN;9996;2;9995;29;;;10004;2;10005;29;;;10000.0;685.0
-1;68200;KELP;2017;1;2015;31;;;2018;31;;;;;2017.5;21.951416015625
-1;68200;RAINFOREST_RESIN;9996;2;9995;29;;;10004;2;10005;29;;;10000.0;685.0
-1;68300;RAINFOREST_RESIN;9996;1;9995;28;;;10004;1;10005;28;;;10000.0;685.0
-1;68300;KELP;2017;1;2015;29;;;2018;29;;;;;2017.5;21.720947265625
-1;68400;RAINFOREST_RESIN;9996;2;9995;26;;;10004;2;10005;26;;;10000.0;685.0
-1;68400;KELP;2015;28;;;;;2018;28;;;;;2016.5;22.025146484375
-1;68500;KELP;2015;23;;;;;2018;23;;;;;2016.5;22.196044921875
-1;68500;RAINFOREST_RESIN;9995;23;;;;;10002;5;10005;23;;;9998.5;685.0
-1;68600;KELP;2015;24;;;;;2018;25;;;;;2016.5;22.124267578125
-1;68600;RAINFOREST_RESIN;9996;1;9995;24;;;10004;1;10005;24;;;10000.0;685.0
-1;68700;RAINFOREST_RESIN;9996;1;9995;27;;;10004;1;10005;27;;;10000.0;685.0
-1;68700;KELP;2015;28;;;;;2018;28;;;;;2016.5;22.462890625
-1;68800;RAINFOREST_RESIN;9995;22;;;;;9998;1;10005;22;;;9996.5;685.0
-1;68800;KELP;2015;22;;;;;2018;22;;;;;2016.5;22.21630859375
-1;68900;KELP;2017;1;2015;28;;;2018;28;;;;;2017.5;21.422119140625
-1;68900;RAINFOREST_RESIN;9996;1;9995;27;;;10004;1;10005;27;;;10000.0;687.0
-1;69000;KELP;2015;30;;;;;2018;30;;;;;2016.5;22.301513671875
-1;69000;RAINFOREST_RESIN;9996;2;9995;28;;;10004;2;10005;28;;;10000.0;687.0
-1;69100;RAINFOREST_RESIN;9998;9;9996;1;9995;30;10004;1;10005;30;;;10001.0;687.0
-1;69100;KELP;2015;30;;;;;2018;31;;;;;2016.5;21.914306640625
-1;69200;RAINFOREST_RESIN;9996;2;9995;28;;;10004;2;10005;28;;;10000.0;687.0
-1;69200;KELP;2017;3;2015;30;;;2018;30;;;;;2017.5;21.835693359375
-1;69300;KELP;2017;1;2015;21;;;2018;21;;;;;2017.5;21.73193359375
-1;69300;RAINFOREST_RESIN;9995;21;;;;;9998;1;10005;21;;;9996.5;687.0
-1;69400;KELP;2015;26;;;;;2018;26;;;;;2016.5;21.8125
-1;69400;RAINFOREST_RESIN;10002;1;9998;2;9996;1;10004;1;10005;25;;;10003.0;689.0
-1;69500;RAINFOREST_RESIN;9998;1;9996;2;9995;24;10004;2;10005;24;;;10001.0;691.0
-1;69500;KELP;2015;32;;;;;2018;26;;;;;2016.5;21.891357421875
-1;69600;RAINFOREST_RESIN;9995;23;;;;;10005;23;;;;;10000.0;691.0
-1;69600;KELP;2015;22;;;;;2018;23;;;;;2016.5;21.87060546875
-1;69700;KELP;2015;21;;;;;2018;21;;;;;2016.5;21.87255859375
-1;69700;RAINFOREST_RESIN;10002;1;9996;1;9995;20;10004;1;10005;20;;;10003.0;691.0
-1;69800;KELP;2015;24;;;;;2018;24;;;;;2016.5;22.39208984375
-1;69800;RAINFOREST_RESIN;9996;1;9995;23;;;10004;1;10005;23;;;10000.0;697.0
-1;69900;RAINFOREST_RESIN;9996;2;9995;27;;;10004;2;10005;27;;;10000.0;697.0
-1;69900;KELP;2015;29;;;;;2018;29;;;;;2016.5;22.327880859375
-1;70000;RAINFOREST_RESIN;9996;2;9995;27;;;10004;2;10005;27;;;10000.0;697.0
-1;70000;KELP;2015;29;;;;;2018;29;;;;;2016.5;22.0595703125
-1;70100;KELP;2015;23;;;;;2018;2;2019;22;;;2016.5;22.71435546875
-1;70100;RAINFOREST_RESIN;9996;2;9995;22;;;10004;2;10005;22;;;10000.0;697.0
-1;70200;KELP;2015;22;;;;;2018;22;;;;;2016.5;22.313720703125
-1;70200;RAINFOREST_RESIN;9996;1;9995;21;;;10004;1;10005;21;;;10000.0;697.0
-1;70300;RAINFOREST_RESIN;9996;1;9995;25;;;9998;2;10004;1;10005;25;9997.0;697.0
-1;70300;KELP;2015;26;;;;;2018;26;;;;;2016.5;21.7763671875
-1;70400;RAINFOREST_RESIN;9995;26;;;;;10005;26;;;;;10000.0;701.0
-1;70400;KELP;2015;26;;;;;2017;6;2018;26;;;2016.0;21.45751953125
-1;70500;KELP;2015;23;;;;;2016;3;2017;3;2018;23;2015.5;21.86669921875
-1;70500;RAINFOREST_RESIN;9995;23;;;;;10000;3;10005;23;;;9997.5;701.0
-1;70600;RAINFOREST_RESIN;9996;1;9995;27;;;10004;1;10005;27;;;10000.0;701.0
-1;70600;KELP;2015;34;;;;;2018;28;;;;;2016.5;22.52587890625
-1;70700;KELP;2015;26;;;;;2018;26;;;;;2016.5;21.728759765625
-1;70700;RAINFOREST_RESIN;9995;26;;;;;10005;26;;;;;10000.0;707.0
-1;70800;RAINFOREST_RESIN;10002;1;9995;27;;;10005;27;;;;;10003.5;707.0
-1;70800;KELP;2015;26;;;;;2018;27;;;;;2016.5;22.00732421875
-1;70900;KELP;2015;32;;;;;2018;32;;;;;2016.5;22.049560546875
-1;70900;RAINFOREST_RESIN;9996;2;9995;30;;;10004;2;10005;30;;;10000.0;709.0
-1;71000;RAINFOREST_RESIN;9996;1;9995;29;;;10002;5;10004;1;10005;29;9999.0;709.0
-1;71000;KELP;2015;30;;;;;2018;30;;;;;2016.5;21.96728515625
-1;71100;KELP;2015;22;;;;;2018;22;;;;;2016.5;22.0263671875
-1;71100;RAINFOREST_RESIN;9998;9;9996;1;9995;21;10004;1;10005;21;;;10001.0;709.0
-1;71200;RAINFOREST_RESIN;10002;1;9996;1;9995;28;10004;1;10005;28;;;10003.0;709.0
-1;71200;KELP;2015;28;;;;;2018;29;;;;;2016.5;21.961669921875
-1;71300;KELP;2015;28;;;;;2017;4;2018;28;;;2016.0;21.627685546875
-1;71300;RAINFOREST_RESIN;9996;2;9995;26;;;10002;4;10004;2;10005;26;9999.0;711.0
-1;71400;RAINFOREST_RESIN;9996;2;9995;24;;;10002;3;10004;2;10005;24;9999.0;711.0
-1;71400;KELP;2015;26;;;;;2018;26;;;;;2016.5;21.522216796875
-1;71500;KELP;2015;25;;;;;2018;28;;;;;2016.5;22.1748046875
-1;71500;RAINFOREST_RESIN;10002;1;9996;2;9995;26;10004;2;10005;26;;;10003.0;711.0
-1;71600;RAINFOREST_RESIN;9996;1;9995;27;;;9998;3;10004;1;10005;27;9997.0;713.0
-1;71600;KELP;2014;28;;;;;2018;28;;;;;2016.0;21.0078125
-1;71700;KELP;2014;31;;;;;2016;4;2018;31;;;2015.0;21.048828125
-1;71700;RAINFOREST_RESIN;9996;2;9995;29;;;10004;2;10005;29;;;10000.0;719.0
-1;71800;RAINFOREST_RESIN;10002;1;9996;2;9995;25;10004;2;10005;25;;;10003.0;719.0
-1;71800;KELP;2014;27;;;;;2018;27;;;;;2016.0;26.2373046875
-1;71900;KELP;2014;26;;;;;2018;26;;;;;2016.0;25.2939453125
-1;71900;RAINFOREST_RESIN;10002;1;9996;1;9995;25;10004;1;10005;25;;;10003.0;721.0
-1;72000;RAINFOREST_RESIN;9996;1;9995;20;;;10004;1;10005;20;;;10000.0;723.0
-1;72000;KELP;2015;21;;;;;2017;6;2018;21;;;2016.0;29.353515625
-1;72100;KELP;2014;21;;;;;2016;5;2018;21;;;2015.0;26.44140625
-1;72100;RAINFOREST_RESIN;9995;21;;;;;10005;21;;;;;10000.0;723.0
-1;72200;RAINFOREST_RESIN;9996;2;9995;29;;;10004;2;10005;29;;;10000.0;723.0
-1;72200;KELP;2016;3;2014;31;;;2018;31;;;;;2017.0;25.3359375
-1;72300;KELP;2014;23;;;;;2018;23;;;;;2016.0;26.572265625
-1;72300;RAINFOREST_RESIN;9996;1;9995;22;;;10002;8;10004;1;10005;22;9999.0;723.0
-1;72400;RAINFOREST_RESIN;10002;1;9996;2;9995;20;10004;2;10005;20;;;10003.0;723.0
-1;72400;KELP;2014;22;;;;;2016;6;2018;22;;;2015.0;25.671875
-1;72500;KELP;2014;34;;;;;2017;27;;;;;2015.5;23.35546875
-1;72500;RAINFOREST_RESIN;9996;2;9995;25;;;10004;2;10005;25;;;10000.0;725.0
-1;72600;RAINFOREST_RESIN;9996;2;9995;27;;;10004;2;10005;27;;;10000.0;726.0
-1;72600;KELP;2014;35;;;;;2015;4;2017;29;;;2014.5;24.4267578125
-1;72700;KELP;2014;23;;;;;2017;23;;;;;2015.5;23.87109375
-1;72700;RAINFOREST_RESIN;9995;23;;;;;10005;23;;;;;10000.0;726.0
-1;72800;RAINFOREST_RESIN;9995;20;;;;;10005;20;;;;;10000.0;726.0
-1;72800;KELP;2014;20;;;;;2017;20;;;;;2015.5;24.05078125
-1;72900;KELP;2014;24;;;;;2017;24;;;;;2015.5;23.830078125
-1;72900;RAINFOREST_RESIN;9998;1;9996;2;9995;22;10004;2;10005;22;;;10001.0;726.0
-1;73000;RAINFOREST_RESIN;9996;1;9995;21;;;10002;7;10004;1;10005;21;9999.0;727.0
-1;73000;KELP;2014;21;;;;;2016;2;2017;22;;;2015.0;24.22265625
-1;73100;KELP;2014;31;;;;;2017;31;;;;;2015.5;23.388671875
-1;73100;RAINFOREST_RESIN;9996;2;9995;29;;;10002;3;10004;2;10005;29;9999.0;727.0
-1;73200;KELP;2014;21;;;;;2017;21;;;;;2015.5;22.8154296875
-1;73200;RAINFOREST_RESIN;9995;21;;;;;10005;21;;;;;10000.0;727.0
-1;73300;RAINFOREST_RESIN;9996;1;9995;29;;;10004;1;10005;29;;;10000.0;727.0
-1;73300;KELP;2014;30;;;;;2017;30;;;;;2015.5;22.2578125
-1;73400;RAINFOREST_RESIN;9995;30;;;;;9998;1;10005;30;;;9996.5;727.0
-1;73400;KELP;2014;30;;;;;2016;4;2017;30;;;2015.0;22.7099609375
-1;73500;KELP;2014;25;;;;;2017;25;;;;;2015.5;23.0625
-1;73500;RAINFOREST_RESIN;9996;2;9995;23;;;10004;2;10005;23;;;10000.0;729.0
-1;73600;KELP;2014;25;;;;;2017;25;;;;;2015.5;23.1669921875
-1;73600;RAINFOREST_RESIN;9996;1;9995;24;;;10004;1;10005;24;;;10000.0;729.0
-1;73700;RAINFOREST_RESIN;9995;24;;;;;10005;24;;;;;10000.0;729.0
-1;73700;KELP;2014;24;;;;;2017;24;;;;;2015.5;24.693359375
-1;73800;RAINFOREST_RESIN;9995;24;;;;;10005;24;;;;;10000.0;729.0
-1;73800;KELP;2014;24;;;;;2016;5;2018;24;;;2015.0;26.310546875
-1;73900;KELP;2015;27;;;;;2018;30;;;;;2016.5;29.361328125
-1;73900;RAINFOREST_RESIN;9995;30;;;;;10005;30;;;;;10000.0;729.0
-1;74000;KELP;2015;26;;;;;2017;3;2018;26;;;2016.0;26.0
-1;74000;RAINFOREST_RESIN;10002;1;9998;10;9996;2;10004;2;10005;24;;;10003.0;729.0
-1;74100;RAINFOREST_RESIN;10000;6;9996;2;9995;30;10004;2;10005;30;;;10002.0;731.0
-1;74100;KELP;2016;6;2015;32;;;2018;32;;;;;2017.0;26.0
-1;74200;RAINFOREST_RESIN;9996;2;9995;20;;;10002;6;10004;2;10005;20;9999.0;731.0
-1;74200;KELP;2015;22;;;;;2018;22;;;;;2016.5;26.0
-1;74300;KELP;2015;5;2014;32;;;2018;32;;;;;2016.5;26.0
-1;74300;RAINFOREST_RESIN;9996;2;9995;30;;;10002;6;10004;2;10005;30;9999.0;731.0
-1;74400;KELP;2015;30;;;;;2018;30;;;;;2016.5;26.0
-1;74400;RAINFOREST_RESIN;9995;30;;;;;10005;30;;;;;10000.0;731.0
-1;74500;RAINFOREST_RESIN;10000;3;9995;29;;;10005;29;;;;;10002.5;731.0
-1;74500;KELP;2016;3;2014;29;;;2018;29;;;;;2017.0;26.0
-1;74600;RAINFOREST_RESIN;10002;1;9998;7;9995;29;10005;29;;;;;10003.5;731.0
-1;74600;KELP;2014;29;;;;;2018;29;;;;;2016.0;26.0
-1;74700;KELP;2014;32;;;;;2018;32;;;;;2016.0;26.0
-1;74700;RAINFOREST_RESIN;9996;2;9995;30;;;10004;2;10005;30;;;10000.0;733.0
-1;74800;KELP;2014;26;;;;;2018;26;;;;;2016.0;26.0
-1;74800;RAINFOREST_RESIN;9998;9;9996;1;9995;25;10004;1;10005;25;;;10001.0;733.0
-1;74900;RAINFOREST_RESIN;10002;1;9996;1;9995;30;10004;1;10005;30;;;10003.0;733.0
-1;74900;KELP;2015;31;;;;;2018;31;;;;;2016.5;26.0
-1;75000;RAINFOREST_RESIN;9995;27;;;;;9998;1;10005;27;;;9996.5;735.0
-1;75000;KELP;2016;1;2014;27;;;2017;27;;;;;2016.5;26.0
-1;75100;KELP;2014;30;;;;;2017;30;;;;;2015.5;26.0
