day;timestamp;product;bid_price_1;bid_volume_1;bid_price_2;bid_volume_2;bid_price_3;bid_volume_3;ask_price_1;ask_volume_1;ask_price_2;ask_volume_2;ask_price_3;ask_volume_3;mid_price;profit_and_loss
-1;0;RAINFOREST_RESIN;10002;1;9996;2;9995;29;10004;2;10005;29;;;10003.0;0.0
-1;0;KELP;2028;1;2026;2;2025;29;2029;31;;;;;2028.5;0.0
-1;100;KELP;2025;24;;;;;2028;2;2029;22;;;2026.5;0.0
-1;100;RAINFOREST_RESIN;9996;2;9995;22;;;10004;2;10005;22;;;10000.0;2.0
-1;200;RAINFOREST_RESIN;9995;20;;;;;10005;20;;;;;10000.0;2.0
-1;200;KELP;2025;22;;;;;2028;20;;;;;2026.5;0.0
-1;300;KELP;2025;31;;;;;2028;2;2029;29;;;2026.5;0.0
-1;300;RAINFOREST_RESIN;9996;2;9995;29;;;10004;2;10005;29;;;10000.0;2.0
-1;400;RAINFOREST_RESIN;9996;2;9995;25;;;10004;2;10005;25;;;10000.0;2.0
-1;400;KELP;2025;27;;;;;2028;27;;;;;2026.5;0.0
-1;500;KELP;2025;30;;;;;2028;30;;;;;2026.5;0.0
-1;500;RAINFOREST_RESIN;9995;30;;;;;10002;4;10005;30;;;9998.5;2.0
-1;600;RAINFOREST_RESIN;10000;5;9995;25;;;10005;25;;;;;10002.5;2.0
-1;600;KELP;2026;5;2025;31;;;2028;25;;;;;2027.0;0.0
-1;700;KELP;2025;2;2024;23;;;2028;23;;;;;2026.5;0.0
-1;700;RAINFOREST_RESIN;9995;23;;;;;10005;23;;;;;10000.0;2.0
-1;800;RAINFOREST_RESIN;9996;1;9995;29;;;10004;1;10005;29;;;10000.0;2.0
-1;800;KELP;2024;1;2023;29;;;2027;30;;;;;2025.5;0.0
-1;900;KELP;2024;23;;;;;2027;23;;;;;2025.5;0.0
-1;900;RAINFOREST_RESIN;9996;1;9995;22;;;10004;1;10005;22;;;10000.0;2.0
-1;1000;RAINFOREST_RESIN;9995;26;;;;;10005;26;;;;;10000.0;2.0
-1;1000;KELP;2024;26;;;;;2026;6;2027;26;;;2025.0;0.0
-1;1100;KELP;2025;6;2024;26;;;2027;2;2028;24;;;2026.0;0.0
-1;1100;RAINFOREST_RESIN;9996;2;9995;24;;;10004;2;10005;24;;;10000.0;2.0
-1;1200;RAINFOREST_RESIN;9995;21;;;;;9998;1;10005;21;;;9996.5;12.0
-1;1200;KELP;2024;21;;;;;2026;8;2028;21;;;2025.0;0.0
-1;1300;KELP;2024;31;;;;;2028;31;;;;;2026.0;0.0
-1;1300;RAINFOREST_RESIN;10002;1;9996;1;9995;30;10004;1;10005;30;;;10003.0;14.0
-1;1400;RAINFOREST_RESIN;9996;1;9995;25;;;10004;1;10005;25;;;10000.0;16.0
-1;1400;KELP;2025;3;2024;25;;;2028;26;;;;;2026.5;0.0
-1;1500;KELP;2024;27;;;;;2028;27;;;;;2026.0;0.0
-1;1500;RAINFOREST_RESIN;9995;27;;;;;10005;27;;;;;10000.0;16.0
-1;1600;RAINFOREST_RESIN;9995;29;;;;;10005;29;;;;;10000.0;16.0
-1;1600;KELP;2024;29;;;;;2026;4;2028;29;;;2025.0;0.0
-1;1700;KELP;2024;22;;;;;2026;8;2028;22;;;2025.0;0.0
-1;1700;RAINFOREST_RESIN;9996;2;9995;20;;;10002;1;10004;2;10005;20;9999.0;16.0
-1;1800;RAINFOREST_RESIN;10002;1;9996;1;9995;22;10004;1;10005;22;;;10003.0;16.0
-1;1800;KELP;2024;23;;;;;2028;23;;;;;2026.0;0.0
-1;1900;KELP;2024;29;;;;;2026;5;2027;29;;;2025.0;0.0
-1;1900;RAINFOREST_RESIN;9996;1;9995;28;;;10004;1;10005;28;;;10000.0;18.0
-1;2000;KELP;2024;26;;;;;2027;26;;;;;2025.5;0.0
-1;2000;RAINFOREST_RESIN;9996;2;9995;24;;;9998;1;10004;2;10005;24;9997.0;18.0
-1;2100;RAINFOREST_RESIN;9996;2;9995;25;;;10002;3;10004;2;10005;25;9999.0;20.0
-1;2100;KELP;2024;27;;;;;2027;2;2028;25;;;2025.5;0.0
-1;2200;RAINFOREST_RESIN;9998;8;9996;1;9995;24;10004;1;10005;24;;;10001.0;20.0
-1;2200;KELP;2024;25;;;;;2026;7;2027;1;2028;24;2025.0;0.0
-1;2300;KELP;2024;32;;;;;2028;32;;;;;2026.0;0.0
-1;2300;RAINFOREST_RESIN;9998;7;9996;2;9995;30;10004;2;10005;30;;;10001.0;20.0
-1;2400;KELP;2024;29;;;;;2025;1;2028;29;;;2024.5;0.0
-1;2400;RAINFOREST_RESIN;9995;29;;;;;10005;29;;;;;10000.0;20.0
-1;2500;RAINFOREST_RESIN;9996;1;9995;22;;;10004;1;10005;22;;;10000.0;20.0
-1;2500;KELP;2025;2;2024;23;;;2027;1;2028;22;;;2026.0;0.0
-1;2600;RAINFOREST_RESIN;9995;23;;;;;10005;23;;;;;10000.0;20.0
-1;2600;KELP;2025;3;2024;23;;;2028;23;;;;;2026.5;0.0
-1;2700;KELP;2024;26;;;;;2027;26;;;;;2025.5;0.0
-1;2700;RAINFOREST_RESIN;9998;6;9995;26;;;10005;26;;;;;10001.5;20.0
-1;2800;KELP;2023;25;;;;;2027;25;;;;;2025.0;0.0
-1;2800;RAINFOREST_RESIN;9995;25;;;;;10005;25;;;;;10000.0;20.0
-1;2900;RAINFOREST_RESIN;9996;1;9995;25;;;10004;1;10005;25;;;10000.0;20.0
-1;2900;KELP;2023;26;;;;;2027;26;;;;;2025.0;0.0
-1;3000;RAINFOREST_RESIN;9998;1;9995;26;;;10005;26;;;;;10001.5;30.0
-1;3000;KELP;2024;29;;;;;2027;26;;;;;2025.5;0.0
-1;3100;KELP;2023;26;;;;;2025;5;2026;26;;;2024.0;0.0
-1;3100;RAINFOREST_RESIN;9996;2;9995;24;;;10004;2;10005;24;;;10000.0;31.0
-1;3200;KELP;2023;23;;;;;2025;3;2026;23;;;2024.0;1.006591796875
-1;3200;RAINFOREST_RESIN;9996;1;9995;22;;;10004;1;10005;22;;;10000.0;33.0
-1;3300;RAINFOREST_RESIN;9996;2;9995;30;;;10004;2;10005;30;;;10000.0;35.0
-1;3300;KELP;2023;32;;;;;2025;2;2026;32;;;2024.0;2.57568359375
-1;3400;RAINFOREST_RESIN;9996;2;9995;24;;;10004;2;10005;24;;;10000.0;35.0
-1;3400;KELP;2023;26;;;;;2026;26;;;;;2024.5;2.4658203125
-1;3500;KELP;2023;26;;;;;2026;26;;;;;2024.5;2.5322265625
-1;3500;RAINFOREST_RESIN;9995;26;;;;;10005;26;;;;;10000.0;35.0
-1;3600;KELP;2023;21;;;;;2026;21;;;;;2024.5;2.51904296875
-1;3600;RAINFOREST_RESIN;9995;21;;;;;9998;4;10005;21;;;9996.5;35.0
-1;3700;RAINFOREST_RESIN;10002;1;9996;1;9995;23;10004;1;10005;23;;;10003.0;43.0
-1;3700;KELP;2023;27;;;;;2026;24;;;;;2024.5;1.31103515625
-1;3800;RAINFOREST_RESIN;9996;2;9995;23;;;10002;10;10004;2;10005;23;9999.0;45.0
-1;3800;KELP;2023;25;;;;;2026;25;;;;;2024.5;1.27001953125
-1;3900;KELP;2023;28;;;;;2026;26;;;;;2024.5;1.61669921875
-1;3900;RAINFOREST_RESIN;9998;1;9996;1;9995;25;10004;1;10005;25;;;10001.0;47.0
-1;4000;KELP;2023;32;;;;;2026;32;;;;;2024.5;2.3994140625
-1;4000;RAINFOREST_RESIN;9996;2;9995;30;;;10004;2;10005;30;;;10000.0;47.0
-1;4100;RAINFOREST_RESIN;9996;2;9995;27;;;10004;2;10005;27;;;10000.0;47.0
-1;4100;KELP;2023;29;;;;;2027;29;;;;;2025.0;3.88623046875
-1;4200;RAINFOREST_RESIN;9996;2;9995;24;;;10002;4;10004;2;10005;24;9999.0;47.0
-1;4200;KELP;2023;26;;;;;2027;26;;;;;2025.0;3.82568359375
-1;4300;KELP;2023;29;;;;;2024;5;2026;22;;;2023.5;2.2998046875
-1;4300;RAINFOREST_RESIN;9995;22;;;;;9998;1;10000;6;10005;22;9996.5;65.0
-1;4400;KELP;2023;30;;;;;2026;30;;;;;2024.5;2.50830078125
-1;4400;RAINFOREST_RESIN;9995;30;;;;;10005;30;;;;;10000.0;73.0
-1;4500;RAINFOREST_RESIN;9996;1;9995;28;;;10002;10;10004;1;10005;28;9999.0;73.0
-1;4500;KELP;2023;28;;;;;2026;29;;;;;2024.5;2.13818359375
-1;4600;RAINFOREST_RESIN;9996;1;9995;29;;;10002;10;10004;1;10005;29;9999.0;73.0
-1;4600;KELP;2023;30;;;;;2026;30;;;;;2024.5;2.22802734375
-1;4700;KELP;2023;25;;;;;2025;3;2026;32;;;2024.0;2.99853515625
-1;4700;RAINFOREST_RESIN;9996;2;9995;30;;;10004;2;10005;30;;;10000.0;73.0
-1;4800;KELP;2023;24;;;;;2027;24;;;;;2025.0;3.85986328125
-1;4800;RAINFOREST_RESIN;9998;6;9996;2;9995;22;10004;2;10005;22;;;10001.0;73.0
-1;4900;RAINFOREST_RESIN;9995;22;;;;;10002;7;10005;22;;;9998.5;75.0
-1;4900;KELP;2023;22;;;;;2027;22;;;;;2025.0;4.0537109375
-1;5000;RAINFOREST_RESIN;9998;3;9996;2;9995;28;10004;2;10005;28;;;10001.0;75.0
-1;5000;KELP;2023;30;;;;;2026;30;;;;;2024.5;3.20703125
-1;5100;KELP;2023;37;;;;;2026;31;;;;;2024.5;3.250244140625
-1;5100;RAINFOREST_RESIN;9996;1;9995;30;;;10004;1;10005;30;;;10000.0;75.0
-1;5200;KELP;2023;35;;;;;2026;27;;;;;2024.5;3.186279296875
-1;5200;RAINFOREST_RESIN;9998;9;9996;1;9995;26;10004;1;10005;26;;;10001.0;75.0
-1;5300;RAINFOREST_RESIN;9996;1;9995;20;;;10004;1;10005;20;;;10000.0;75.0
-1;5300;KELP;2025;1;2023;21;;;2026;21;;;;;2025.5;3.269775390625
-1;5400;RAINFOREST_RESIN;9995;21;;;;;10005;21;;;;;10000.0;75.0
-1;5400;KELP;2023;21;;;;;2025;6;2027;21;;;2024.0;3.96240234375
-1;5500;KELP;2023;27;;;;;2027;27;;;;;2025.0;4.188232421875
-1;5500;RAINFOREST_RESIN;9995;27;;;;;10005;27;;;;;10000.0;75.0
-1;5600;KELP;2025;2;2023;28;;;2027;28;;;;;2026.0;4.284912109375
-1;5600;RAINFOREST_RESIN;9995;28;;;;;10005;28;;;;;10000.0;75.0
-1;5700;RAINFOREST_RESIN;9998;2;9995;27;;;10005;27;;;;;10001.5;75.0
-1;5700;KELP;2024;26;;;;;2027;27;;;;;2025.5;4.464111328125
-1;5800;RAINFOREST_RESIN;9996;1;9995;30;;;10004;1;10005;30;;;10000.0;75.0
-1;5800;KELP;2024;31;;;;;2027;31;;;;;2025.5;5.1328125
-1;5900;KELP;2024;35;;;;;2027;30;;;;;2025.5;4.974853515625
-1;5900;RAINFOREST_RESIN;9996;2;9995;28;;;10004;2;10005;28;;;10000.0;75.0
-1;6000;KELP;2024;30;;;;;2027;30;;;;;2025.5;4.877685546875
-1;6000;RAINFOREST_RESIN;9995;30;;;;;10005;30;;;;;10000.0;75.0
-1;6100;RAINFOREST_RESIN;9996;1;9995;24;;;10004;1;10005;24;;;10000.0;75.0
-1;6100;KELP;2024;24;;;;;2027;25;;;;;2025.5;4.87890625
-1;6200;RAINFOREST_RESIN;9996;1;9995;21;;;10004;1;10005;21;;;10000.0;75.0
-1;6200;KELP;2024;22;;;;;2027;22;;;;;2025.5;4.984619140625
-1;6300;KELP;2024;30;;;;;2027;25;;;;;2025.5;5.431884765625
-1;6300;RAINFOREST_RESIN;9996;2;9995;23;;;10004;2;10005;23;;;10000.0;75.0
-1;6400;KELP;2024;25;;;;;2027;25;;;;;2025.5;5.38818359375
-1;6400;RAINFOREST_RESIN;9996;1;9995;24;;;10004;1;10005;24;;;10000.0;75.0
-1;6500;RAINFOREST_RESIN;9996;1;9995;26;;;9998;1;10004;1;10005;26;9997.0;75.0
-1;6500;KELP;2024;27;;;;;2027;27;;;;;2025.5;4.961669921875
-1;6600;RAINFOREST_RESIN;9996;2;9995;24;;;10004;2;10005;24;;;10000.0;77.0
-1;6600;KELP;2024;26;;;;;2028;26;;;;;2026.0;5.963623046875
-1;6700;KELP;2025;7;2024;20;;;2028;20;;;;;2026.5;6.264404296875
-1;6700;RAINFOREST_RESIN;9995;20;;;;;10002;3;10005;20;;;9998.5;77.0
-1;6800;KELP;2024;32;;;;;2026;8;2027;2;2028;30;2025.0;5.577880859375
-1;6800;RAINFOREST_RESIN;9996;2;9995;30;;;10004;2;10005;30;;;10000.0;77.0
-1;6900;RAINFOREST_RESIN;9996;1;9995;26;;;10002;5;10004;1;10005;26;9999.0;77.0
-1;6900;KELP;2024;27;;;;;2026;1;2027;27;;;2025.0;5.231201171875
-1;7000;RAINFOREST_RESIN;9998;2;9995;27;;;10005;27;;;;;10001.5;77.0
-1;7000;KELP;2026;4;2024;27;;;2027;27;;;;;2026.5;5.3369140625
-1;7100;KELP;2024;30;;;;;2027;30;;;;;2025.5;4.930908203125
-1;7100;RAINFOREST_RESIN;9996;1;9995;29;;;10004;1;10005;29;;;10000.0;77.0
-1;7200;KELP;2024;28;;;;;2027;28;;;;;2025.5;4.7119140625
-1;7200;RAINFOREST_RESIN;9998;5;9996;1;9995;27;10004;1;10005;27;;;10001.0;77.0
-1;7300;RAINFOREST_RESIN;10002;1;9996;2;9995;29;10004;2;10005;29;;;10003.0;77.0
-1;7300;KELP;2024;35;;;;;2027;31;;;;;2025.5;4.695556640625
-1;7400;RAINFOREST_RESIN;9996;1;9995;22;;;10004;1;10005;22;;;10000.0;79.0
-1;7400;KELP;2024;22;;;;;2027;23;;;;;2025.5;4.793701171875
-1;7500;KELP;2024;25;;;;;2027;25;;;;;2025.5;4.95751953125
-1;7500;RAINFOREST_RESIN;9995;25;;;;;10002;10;10005;25;;;9998.5;79.0
-1;7600;KELP;2024;22;;;;;2027;22;;;;;2025.5;4.9189453125
-1;7600;RAINFOREST_RESIN;9996;2;9995;20;;;10004;2;10005;20;;;10000.0;79.0
-1;7700;RAINFOREST_RESIN;9995;22;;;;;10005;22;;;;;10000.0;79.0
-1;7700;KELP;2024;21;;;;;2027;22;;;;;2025.5;4.87841796875
-1;7800;RAINFOREST_RESIN;9998;3;9996;1;9995;22;10004;1;10005;22;;;10001.0;79.0
-1;7800;KELP;2024;23;;;;;2027;23;;;;;2025.5;4.84228515625
-1;7900;KELP;2024;31;;;;;2027;27;;;;;2025.5;4.8203125
-1;7900;RAINFOREST_RESIN;9996;1;9995;26;;;10004;1;10005;26;;;10000.0;79.0
-1;8000;KELP;2024;27;;;;;2026;8;2027;27;;;2025.0;4.60888671875
-1;8000;RAINFOREST_RESIN;9995;27;;;;;10005;27;;;;;10000.0;79.0
-1;8100;RAINFOREST_RESIN;9996;1;9995;22;;;10004;1;10005;22;;;10000.0;79.0
-1;8100;KELP;2023;23;;;;;2027;23;;;;;2025.0;3.83740234375
-1;8200;RAINFOREST_RESIN;9995;23;;;;;10005;23;;;;;10000.0;89.0
-1;8200;KELP;2023;23;;;;;2025;1;2026;23;;;2024.0;3.53662109375
-1;8300;KELP;2023;30;;;;;2026;30;;;;;2024.5;2.83984375
-1;8300;RAINFOREST_RESIN;9996;1;9995;29;;;10004;1;10005;29;;;10000.0;89.0
-1;8400;RAINFOREST_RESIN;9995;28;;;;;10005;28;;;;;10000.0;89.0
-1;8400;KELP;2023;28;;;;;2026;28;;;;;2024.5;2.87548828125
-1;8500;KELP;2023;31;;;;;2026;31;;;;;2024.5;2.7177734375
-1;8500;RAINFOREST_RESIN;9998;10;9996;2;9995;29;10004;2;10005;29;;;10001.0;89.0
-1;8600;RAINFOREST_RESIN;9996;1;9995;22;;;10004;1;10005;22;;;10000.0;89.0
-1;8600;KELP;2023;22;;;;;2026;23;;;;;2024.5;3.0439453125
-1;8700;KELP;2023;27;;;;;2025;4;2026;27;;;2024.0;3.387451171875
-1;8700;RAINFOREST_RESIN;9998;10;9995;27;;;10005;27;;;;;10001.5;89.0
-1;8800;RAINFOREST_RESIN;9995;25;;;;;9998;1;10005;25;;;9996.5;89.0
-1;8800;KELP;2024;7;2023;25;;;2027;25;;;;;2025.5;3.98193359375
-1;8900;KELP;2024;1;2023;26;;;2027;26;;;;;2025.5;3.8779296875
-1;8900;RAINFOREST_RESIN;9998;9;9995;26;;;10005;26;;;;;10001.5;91.0
-1;9000;RAINFOREST_RESIN;9996;2;9995;29;;;10004;2;10005;29;;;10000.0;91.0
-1;9000;KELP;2023;31;;;;;2027;31;;;;;2025.0;3.834716796875
-1;9100;KELP;2023;29;;;;;2026;2;2027;27;;;2024.5;3.6689453125
-1;9100;RAINFOREST_RESIN;9998;3;9996;2;9995;27;10004;2;10005;27;;;10001.0;91.0
-1;9200;RAINFOREST_RESIN;9998;10;9995;27;;;10005;27;;;;;10001.5;91.0
-1;9200;KELP;2023;27;;;;;2025;7;2026;27;;;2024.0;3.563232421875
-1;9300;KELP;2023;21;;;;;2026;21;;;;;2024.5;3.199951171875
-1;9300;RAINFOREST_RESIN;9996;1;9995;20;;;10004;1;10005;20;;;10000.0;91.0
-1;9400;RAINFOREST_RESIN;9998;2;9996;2;9995;21;10004;2;10005;21;;;10001.0;91.0
-1;9400;KELP;2023;23;;;;;2026;23;;;;;2024.5;3.030029296875
-1;9500;KELP;2023;35;;;;;2026;31;;;;;2024.5;3.1689453125
-1;9500;RAINFOREST_RESIN;9996;1;9995;30;;;10004;1;10005;30;;;10000.0;91.0
-1;9600;RAINFOREST_RESIN;9996;1;9995;30;;;10004;1;10005;30;;;10000.0;91.0
-1;9600;KELP;2023;31;;;;;2026;31;;;;;2024.5;2.86328125
-1;9700;KELP;2023;22;;;;;2026;22;;;;;2024.5;2.861083984375
-1;9700;RAINFOREST_RESIN;9995;22;;;;;10002;1;10005;22;;;9998.5;91.0
-1;9800;RAINFOREST_RESIN;9995;26;;;;;10005;26;;;;;10000.0;91.0
-1;9800;KELP;2023;26;;;;;2026;26;;;;;2024.5;2.957763671875
-1;9900;KELP;2025;4;2023;25;;;2026;25;;;;;2025.5;3.343505859375
-1;9900;RAINFOREST_RESIN;9995;25;;;;;10005;25;;;;;10000.0;91.0
-1;10000;RAINFOREST_RESIN;9995;28;;;;;10005;28;;;;;10000.0;91.0
-1;10000;KELP;2023;36;;;;;2026;28;;;;;2024.5;3.298095703125
-1;10100;KELP;2023;25;;;;;2026;25;;;;;2024.5;3.123291015625
-1;10100;RAINFOREST_RESIN;9996;1;9995;24;;;10002;3;10004;1;10005;24;9999.0;91.0
-1;10200;RAINFOREST_RESIN;9996;2;9995;26;;;10004;2;10005;26;;;10000.0;91.0
-1;10200;KELP;2022;28;;;;;2026;28;;;;;2024.0;1.95751953125
-1;10300;KELP;2024;1;2022;35;;;2025;27;;;;;2024.5;0.796875
-1;10300;RAINFOREST_RESIN;9998;4;9995;27;;;10005;27;;;;;10001.5;91.0
-1;10400;RAINFOREST_RESIN;10002;1;9996;1;9995;28;10004;1;10005;28;;;10003.0;91.0
-1;10400;KELP;2023;1;2022;29;;;2026;29;;;;;2024.5;2.09326171875
-1;10500;KELP;2023;2;2022;29;;;2026;31;;;;;2024.5;2.280029296875
-1;10500;RAINFOREST_RESIN;9998;4;9996;2;9995;29;10004;2;10005;29;;;10001.0;93.0
-1;10600;RAINFOREST_RESIN;9996;2;9995;29;;;10000;4;10004;2;10005;29;9998.0;93.0
-1;10600;KELP;2022;31;;;;;2023;4;2024;4;2025;31;2022.5;1.155029296875
-1;10700;KELP;2022;29;;;;;2025;28;;;;;2023.5;0.923095703125
-1;10700;RAINFOREST_RESIN;9998;8;9995;28;;;10005;28;;;;;10001.5;93.0
-1;10800;RAINFOREST_RESIN;9998;5;9996;2;9995;22;10004;2;10005;22;;;10001.0;93.0
-1;10800;KELP;2022;27;;;;;2025;24;;;;;2023.5;1.09912109375
-1;10900;KELP;2022;35;;;;;2025;28;;;;;2023.5;1.046875
-1;10900;RAINFOREST_RESIN;9996;1;9995;27;;;10004;1;10005;27;;;10000.0;103.0
-1;11000;KELP;2024;7;2022;24;;;2025;24;;;;;2024.5;1.04150390625
-1;11000;RAINFOREST_RESIN;9995;24;;;;;10002;7;10005;24;;;9998.5;103.0
-1;11100;RAINFOREST_RESIN;9998;3;9995;21;;;10005;21;;;;;10001.5;103.0
-1;11100;KELP;2022;21;;;;;2025;21;;;;;2023.5;1.15869140625
-1;11200;RAINFOREST_RESIN;9996;2;9995;21;;;10002;7;10004;2;10005;21;9999.0;111.0
-1;11200;KELP;2022;23;;;;;2025;23;;;;;2023.5;0.998046875
-1;11300;KELP;2022;25;;;;;2025;22;;;;;2023.5;1.148681640625
-1;11300;RAINFOREST_RESIN;9996;1;9995;21;;;10004;1;10005;21;;;10000.0;111.0
-1;11400;KELP;2022;26;;;;;2025;26;;;;;2023.5;1.365478515625
-1;11400;RAINFOREST_RESIN;9996;1;9995;25;;;10004;1;10005;25;;;10000.0;111.0
-1;11500;RAINFOREST_RESIN;9996;1;9995;25;;;10002;7;10004;1;10005;25;9999.0;115.0
-1;11500;KELP;2022;26;;;;;2024;8;2025;26;;;2023.0;1.282470703125
-1;11600;RAINFOREST_RESIN;9996;2;9995;27;;;10002;2;10004;2;10005;27;9999.0;115.0
-1;11600;KELP;2022;29;;;;;2026;29;;;;;2024.0;2.2216796875
-1;11700;KELP;2022;23;;;;;2023;2;2026;23;;;2022.5;1.85009765625
-1;11700;RAINFOREST_RESIN;9996;2;9995;21;;;10004;2;10005;21;;;10000.0;115.0
-1;11800;KELP;2022;29;;;;;2024;4;2026;29;;;2023.0;2.364501953125
-1;11800;RAINFOREST_RESIN;9998;10;9995;29;;;10000;5;10005;29;;;9999.0;115.0
-1;11900;RAINFOREST_RESIN;9996;2;9995;30;;;10004;2;10005;30;;;10000.0;115.0
-1;11900;KELP;2023;2;2022;30;;;2024;3;2026;32;;;2023.5;2.283447265625
-1;12000;RAINFOREST_RESIN;10002;1;9995;20;;;10005;20;;;;;10003.5;115.0
-1;12000;KELP;2023;20;;;;;2026;20;;;;;2024.5;2.94189453125
-1;12100;KELP;2023;27;;;;;2025;1;2026;27;;;2024.0;2.91650390625
-1;12100;RAINFOREST_RESIN;9996;2;9995;25;;;10004;2;10005;25;;;10000.0;117.0
-1;12200;KELP;2023;34;;;;;2026;30;;;;;2024.5;2.89013671875
-1;12200;RAINFOREST_RESIN;9996;2;9995;28;;;10004;2;10005;28;;;10000.0;117.0
-1;12300;RAINFOREST_RESIN;9998;6;9996;1;9995;28;10004;1;10005;28;;;10001.0;117.0
-1;12300;KELP;2023;29;;;;;2026;29;;;;;2024.5;3.013671875
-1;12400;RAINFOREST_RESIN;9995;26;;;;;10005;26;;;;;10000.0;117.0
-1;12400;KELP;2023;30;;;;;2026;26;;;;;2024.5;3.112060546875
-1;12500;KELP;2023;19;;;;;2026;20;;;;;2024.5;2.862060546875
-1;12500;RAINFOREST_RESIN;9995;20;;;;;10005;20;;;;;10000.0;117.0
-1;12600;KELP;2023;22;;;;;2026;22;;;;;2024.5;2.61328125
-1;12600;RAINFOREST_RESIN;9995;22;;;;;10005;22;;;;;10000.0;117.0
-1;12700;RAINFOREST_RESIN;9996;2;9995;20;;;10004;2;10005;20;;;10000.0;117.0
-1;12700;KELP;2023;22;;;;;2026;22;;;;;2024.5;2.79931640625
-1;12800;RAINFOREST_RESIN;9996;2;9995;20;;;10004;2;10005;20;;;10000.0;117.0
-1;12800;KELP;2023;22;;;;;2026;22;;;;;2024.5;2.939697265625
-1;12900;KELP;2023;36;;;;;2026;29;;;;;2024.5;3.12060546875
-1;12900;RAINFOREST_RESIN;9996;1;9995;28;;;10002;3;10004;1;10005;28;9999.0;117.0
-1;13000;KELP;2025;1;2023;6;2022;20;2026;20;;;;;2025.5;2.28857421875
-1;13000;RAINFOREST_RESIN;10002;1;9995;20;;;10005;20;;;;;10003.5;117.0
-1;13100;RAINFOREST_RESIN;9996;1;9995;25;;;10004;1;10005;25;;;10000.0;119.0
-1;13100;KELP;2023;33;;;;;2026;26;;;;;2024.5;2.572509765625
-1;13200;RAINFOREST_RESIN;9998;2;9995;22;;;10005;22;;;;;10001.5;119.0
-1;13200;KELP;2022;22;;;;;2025;5;2026;22;;;2023.5;2.426513671875
-1;13300;KELP;2023;6;2022;24;;;2026;24;;;;;2024.5;2.36474609375
-1;13300;RAINFOREST_RESIN;9995;24;;;;;10005;24;;;;;10000.0;119.0
-1;13400;KELP;2023;32;;;;;2026;32;;;;;2024.5;2.440185546875
-1;13400;RAINFOREST_RESIN;9996;2;9995;30;;;10004;2;10005;30;;;10000.0;119.0
-1;13500;RAINFOREST_RESIN;9995;30;;;;;10005;30;;;;;10000.0;119.0
-1;13500;KELP;2022;30;;;;;2025;8;2026;30;;;2023.5;2.416015625
-1;13600;RAINFOREST_RESIN;9995;25;;;;;10002;10;10005;25;;;9998.5;119.0
-1;13600;KELP;2023;24;;;;;2025;3;2026;25;;;2024.0;2.722900390625
-1;13700;KELP;2023;25;;;;;2026;21;;;;;2024.5;2.7294921875
-1;13700;RAINFOREST_RESIN;9996;1;9995;20;;;9998;4;10004;1;10005;20;9997.0;119.0
-1;13800;KELP;2023;23;;;;;2026;22;;;;;2024.5;2.851318359375
-1;13800;RAINFOREST_RESIN;9996;2;9995;20;;;10004;2;10005;20;;;10000.0;127.0
-1;13900;RAINFOREST_RESIN;9996;2;9995;20;;;10000;6;10004;2;10005;20;9998.0;127.0
-1;13900;KELP;2023;22;;;;;2024;6;2025;4;2026;22;2023.5;2.584228515625
-1;14000;RAINFOREST_RESIN;9998;5;9996;2;9995;27;10004;2;10005;27;;;10001.0;127.0
-1;14000;KELP;2023;3;2022;29;;;2026;29;;;;;2024.5;2.215576171875
-1;14100;KELP;2023;25;;;;;2025;1;2026;25;;;2024.0;2.87451171875
-1;14100;RAINFOREST_RESIN;9996;2;9995;23;;;10004;2;10005;23;;;10000.0;127.0
-1;14200;KELP;2023;20;;;;;2026;21;;;;;2024.5;2.912841796875
-1;14200;RAINFOREST_RESIN;9995;21;;;;;10005;21;;;;;10000.0;127.0
-1;14300;RAINFOREST_RESIN;9996;2;9995;27;;;10004;2;10005;27;;;10000.0;127.0
-1;14300;KELP;2022;29;;;;;2026;29;;;;;2024.0;2.0048828125
-1;14400;RAINFOREST_RESIN;9996;1;9995;29;;;10004;1;10005;29;;;10000.0;127.0
-1;14400;KELP;2023;30;;;;;2026;30;;;;;2024.5;2.46044921875
-1;14500;KELP;2023;24;;;;;2026;24;;;;;2024.5;2.54150390625
-1;14500;RAINFOREST_RESIN;9995;24;;;;;10002;1;10005;24;;;9998.5;127.0
-1;14600;KELP;2022;28;;;;;2024;2;2026;28;;;2023.0;2.14990234375
-1;14600;RAINFOREST_RESIN;9996;2;9995;26;;;10000;2;10004;2;10005;26;9998.0;127.0
-1;14700;RAINFOREST_RESIN;9995;30;;;;;10002;7;10005;30;;;9998.5;127.0
-1;14700;KELP;2022;30;;;;;2025;30;;;;;2023.5;1.381591796875
-1;14800;RAINFOREST_RESIN;9995;28;;;;;10002;6;10005;28;;;9998.5;127.0
-1;14800;KELP;2022;28;;;;;2025;28;;;;;2023.5;1.359130859375
-1;14900;KELP;2023;4;2022;26;;;2025;26;;;;;2024.0;1.301513671875
-1;14900;RAINFOREST_RESIN;10000;4;9995;26;;;10005;26;;;;;10002.5;127.0
-1;15000;KELP;2024;8;2022;25;;;2025;25;;;;;2024.5;1.13818359375
-1;15000;RAINFOREST_RESIN;9998;1;9995;25;;;10005;25;;;;;10001.5;127.0
-1;15100;RAINFOREST_RESIN;9995;22;;;;;10005;22;;;;;10000.0;127.0
-1;15100;KELP;2022;27;;;;;2025;22;;;;;2023.5;0.769287109375
-1;15200;RAINFOREST_RESIN;9998;6;9995;27;;;10005;27;;;;;10001.5;127.0
-1;15200;KELP;2022;26;;;;;2025;27;;;;;2023.5;0.748291015625
-1;15300;KELP;2022;26;;;;;2024;4;2025;26;;;2023.0;0.677978515625
-1;15300;RAINFOREST_RESIN;9995;26;;;;;10002;1;10005;26;;;9998.5;127.0
-1;15400;KELP;2022;35;;;;;2025;30;;;;;2023.5;0.558349609375
-1;15400;RAINFOREST_RESIN;9996;2;9995;28;;;9998;1;10004;2;10005;28;9997.0;130.0
-1;15500;RAINFOREST_RESIN;10002;1;9996;2;9995;29;10004;2;10005;29;;;10003.0;132.0
-1;15500;KELP;2022;31;;;;;2024;8;2025;31;;;2023.0;0.803466796875
-1;15600;RAINFOREST_RESIN;9996;2;9995;24;;;10004;2;10005;24;;;10000.0;134.0
-1;15600;KELP;2022;31;;;;;2025;26;;;;;2023.5;1.006591796875
-1;15700;KELP;2022;25;;;;;2025;25;;;;;2023.5;1.32470703125
-1;15700;RAINFOREST_RESIN;10002;5;9996;1;9995;24;10004;1;10005;24;;;10003.0;134.0
-1;15800;KELP;2025;1;2022;22;;;2026;22;;;;;2025.5;2.018310546875
-1;15800;RAINFOREST_RESIN;9998;10;9996;2;9995;20;10004;2;10005;20;;;10001.0;144.0
-1;15900;RAINFOREST_RESIN;9996;2;9995;29;;;10000;6;10004;2;10005;29;9998.0;144.0
-1;15900;KELP;2023;31;;;;;2024;6;2025;2;2026;31;2023.5;2.635498046875
-1;16000;RAINFOREST_RESIN;9996;2;9995;27;;;10002;6;10004;2;10005;27;9999.0;144.0
-1;16000;KELP;2023;29;;;;;2025;2;2026;29;;;2024.0;2.53662109375
-1;16100;KELP;2022;21;;;;;2023;2;2026;21;;;2022.5;1.65625
-1;16100;RAINFOREST_RESIN;9995;21;;;;;10000;2;10002;10;10005;21;9997.5;144.0
-1;16200;KELP;2022;24;;;;;2023;1;2026;24;;;2022.5;1.8876953125
-1;16200;RAINFOREST_RESIN;9995;24;;;;;9998;1;10005;24;;;9996.5;144.0
-1;16300;RAINFOREST_RESIN;9996;1;9995;22;;;10004;1;10005;22;;;10000.0;146.0
-1;16300;KELP;2023;2;2022;23;;;2026;23;;;;;2024.5;1.82470703125
-1;16400;RAINFOREST_RESIN;9996;2;9995;30;;;10002;3;10004;2;10005;30;9999.0;154.0
-1;16400;KELP;2023;2;2022;30;;;2026;32;;;;;2024.5;2.23046875
-1;16500;KELP;2023;2;2022;21;;;2026;23;;;;;2024.5;2.2763671875
-1;16500;RAINFOREST_RESIN;9996;2;9995;21;;;10002;7;10004;2;10005;21;9999.0;154.0
-1;16600;KELP;2022;30;;;;;2023;1;2026;30;;;2022.5;2.073486328125
-1;16600;RAINFOREST_RESIN;9998;4;9996;2;9995;28;10004;2;10005;28;;;10001.0;154.0
-1;16700;RAINFOREST_RESIN;10002;1;9995;26;;;10005;26;;;;;10003.5;154.0
-1;16700;KELP;2025;1;2022;26;;;2026;26;;;;;2025.5;2.240966796875
-1;16800;RAINFOREST_RESIN;9995;26;;;;;10005;26;;;;;10000.0;156.0
-1;16800;KELP;2022;26;;;;;2026;26;;;;;2024.0;3.0101318359375
-1;16900;KELP;2023;1;2022;25;;;2026;26;;;;;2024.5;3.1297607421875
-1;16900;RAINFOREST_RESIN;9996;1;9995;25;;;10004;1;10005;25;;;10000.0;161.0
-1;17000;KELP;2023;29;;;;;2026;29;;;;;2024.5;3.25146484375
-1;17000;RAINFOREST_RESIN;9998;9;9995;29;;;10005;29;;;;;10001.5;161.0
-1;17100;KELP;2023;23;;;;;2026;23;;;;;2024.5;3.358642578125
-1;17100;RAINFOREST_RESIN;9996;2;9995;21;;;10004;2;10005;21;;;10000.0;161.0
-1;17200;RAINFOREST_RESIN;9998;3;9996;2;9995;22;10004;2;10005;22;;;10001.0;161.0
-1;17200;KELP;2023;24;;;;;2026;24;;;;;2024.5;3.48779296875
-1;17300;KELP;2023;25;;;;;2025;6;2026;25;;;2024.0;3.570556640625
-1;17300;RAINFOREST_RESIN;9996;2;9995;23;;;10002;9;10004;2;10005;23;9999.0;161.0
-1;17400;RAINFOREST_RESIN;10000;6;9998;7;9995;28;10005;28;;;;;10002.5;161.0
-1;17400;KELP;2024;6;2023;28;;;2026;28;;;;;2025.0;3.783447265625
-1;17500;KELP;2023;26;;;;;2027;26;;;;;2025.0;3.81884765625
-1;17500;RAINFOREST_RESIN;9995;26;;;;;10005;26;;;;;10000.0;161.0
-1;17600;RAINFOREST_RESIN;9998;6;9995;30;;;10005;30;;;;;10001.5;161.0
-1;17600;KELP;2023;30;;;;;2026;30;;;;;2024.5;3.7152099609375
-1;17700;KELP;2025;1;2023;29;;;2026;29;;;;;2025.5;3.641845703125
-1;17700;RAINFOREST_RESIN;9996;2;9995;27;;;10004;2;10005;27;;;10000.0;161.0
-1;17800;RAINFOREST_RESIN;9996;2;9995;24;;;10002;5;10004;2;10005;24;9999.0;161.0
-1;17800;KELP;2023;26;;;;;2026;2;2027;24;;;2024.5;3.787353515625
-1;17900;KELP;2023;23;;;;;2027;23;;;;;2025.0;3.8284912109375
-1;17900;RAINFOREST_RESIN;9995;23;;;;;10005;23;;;;;10000.0;161.0
-1;18000;RAINFOREST_RESIN;9996;2;9995;25;;;10004;2;10005;25;;;10000.0;161.0
-1;18000;KELP;2023;27;;;;;2026;27;;;;;2024.5;3.7469482421875
-1;18100;KELP;2023;20;;;;;2027;20;;;;;2025.0;4.0252685546875
-1;18100;RAINFOREST_RESIN;9995;20;;;;;10005;20;;;;;10000.0;161.0
-1;18200;RAINFOREST_RESIN;9996;1;9995;25;;;10004;1;10005;25;;;10000.0;161.0
-1;18200;KELP;2024;21;;;;;2027;26;;;;;2025.5;4.325439453125
-1;18300;KELP;2023;25;;;;;2027;25;;;;;2025.0;4.111083984375
-1;18300;RAINFOREST_RESIN;9996;2;9995;23;;;10004;2;10005;23;;;10000.0;161.0
-1;18400;RAINFOREST_RESIN;9996;2;9995;23;;;10004;2;10005;23;;;10000.0;161.0
-1;18400;KELP;2024;25;;;;;2026;5;2027;25;;;2025.0;4.5032958984375
-1;18500;KELP;2024;29;;;;;2025;1;2027;29;;;2024.5;4.566162109375
-1;18500;RAINFOREST_RESIN;9995;29;;;;;10000;2;10005;29;;;9997.5;161.0
-1;18600;RAINFOREST_RESIN;10002;1;9995;20;;;10005;20;;;;;10003.5;161.0
-1;18600;KELP;2024;20;;;;;2026;5;2027;20;;;2025.0;4.6728515625
-1;18700;KELP;2024;22;;;;;2027;22;;;;;2025.5;4.7022705078125
-1;18700;RAINFOREST_RESIN;9995;22;;;;;10005;22;;;;;10000.0;163.0
-1;18800;RAINFOREST_RESIN;9996;2;9995;26;;;10004;2;10005;26;;;10000.0;163.0
-1;18800;KELP;2024;28;;;;;2027;28;;;;;2025.5;4.470458984375
-1;18900;KELP;2024;22;;;;;2027;22;;;;;2025.5;4.5726318359375
-1;18900;RAINFOREST_RESIN;9998;2;9995;22;;;10005;22;;;;;10001.5;163.0
-1;19000;RAINFOREST_RESIN;9996;2;9995;26;;;10004;2;10005;26;;;10000.0;163.0
-1;19000;KELP;2024;18;;;;;2027;28;;;;;2025.5;4.5931396484375
-1;19100;KELP;2024;28;;;;;2027;28;;;;;2025.5;4.6202392578125
-1;19100;RAINFOREST_RESIN;9996;2;9995;26;;;10004;2;10005;26;;;10000.0;163.0
-1;19200;RAINFOREST_RESIN;9996;1;9995;20;;;9998;1;10004;1;10005;20;9997.0;163.0
-1;19200;KELP;2024;21;;;;;2027;21;;;;;2025.5;4.6837158203125
-1;19300;KELP;2024;23;;;;;2027;23;;;;;2025.5;4.6983642578125
-1;19300;RAINFOREST_RESIN;9996;2;9995;21;;;10004;2;10005;21;;;10000.0;165.0
-1;19400;RAINFOREST_RESIN;9995;26;;;;;10005;26;;;;;10000.0;166.0
-1;19400;KELP;2023;26;;;;;2027;26;;;;;2025.0;4.175048828125
-1;19500;KELP;2024;23;;;;;2027;23;;;;;2025.5;4.470458984375
-1;19500;RAINFOREST_RESIN;9995;23;;;;;10005;23;;;;;10000.0;166.0
-1;19600;RAINFOREST_RESIN;9996;2;9995;27;;;10004;2;10005;27;;;10000.0;166.0
-1;19600;KELP;2024;2;2023;27;;;2027;29;;;;;2025.5;4.1805419921875
-1;19700;KELP;2024;31;;;;;2026;7;2027;32;;;2025.0;4.273193359375
-1;19700;RAINFOREST_RESIN;10002;1;9996;2;9995;30;10004;2;10005;30;;;10003.0;166.0
-1;19800;RAINFOREST_RESIN;9996;2;9995;29;;;10004;2;10005;29;;;10000.0;168.0
-1;19800;KELP;2024;31;;;;;2027;31;;;;;2025.5;4.39453125
-1;19900;KELP;2024;32;;;;;2027;32;;;;;2025.5;4.524658203125
-1;19900;RAINFOREST_RESIN;9996;2;9995;30;;;10004;2;10005;30;;;10000.0;168.0
-1;20000;KELP;2024;2;2023;27;;;2027;27;;;;;2025.5;3.9649658203125
-1;20000;RAINFOREST_RESIN;9995;27;;;;;10002;4;10005;27;;;9998.5;168.0
-1;20100;RAINFOREST_RESIN;10002;1;9996;1;9995;30;10004;1;10005;30;;;10003.0;168.0
-1;20100;KELP;2023;31;;;;;2025;4;2027;31;;;2024.0;4.01904296875
-1;20200;RAINFOREST_RESIN;9995;29;;;;;9998;1;10005;29;;;9996.5;170.0
-1;20200;KELP;2023;29;;;;;2027;29;;;;;2025.0;3.8902587890625
-1;20300;KELP;2024;26;;;;;2027;27;;;;;2025.5;4.6007080078125
-1;20300;RAINFOREST_RESIN;9995;27;;;;;10005;27;;;;;10000.0;172.0
-1;20400;KELP;2024;30;;;;;2025;4;2027;29;;;2024.5;4.319091796875
-1;20400;RAINFOREST_RESIN;9996;1;9995;28;;;10000;4;10004;1;10005;28;9998.0;172.0
-1;20500;RAINFOREST_RESIN;10000;3;9996;2;9995;30;10004;2;10005;30;;;10002.0;172.0
-1;20500;KELP;2025;4;2024;7;2023;30;2027;32;;;;;2026.0;4.141845703125
-1;20600;RAINFOREST_RESIN;9996;2;9995;26;;;10004;2;10005;26;;;10000.0;172.0
-1;20600;KELP;2023;28;;;;;2027;28;;;;;2025.0;4.1131591796875
-1;20700;KELP;2025;6;2023;22;;;2027;22;;;;;2026.0;4.1500244140625
-1;20700;RAINFOREST_RESIN;10002;1;10000;6;9998;4;10005;22;;;;;10003.5;172.0
-1;20800;KELP;2024;2;2023;22;;;2027;24;;;;;2025.5;4.162109375
-1;20800;RAINFOREST_RESIN;9996;2;9995;22;;;10004;2;10005;22;;;10000.0;174.0
-1;20900;RAINFOREST_RESIN;9995;23;;;;;10005;23;;;;;10000.0;174.0
-1;20900;KELP;2026;1;2023;23;;;2027;23;;;;;2026.5;4.20703125
-1;21000;RAINFOREST_RESIN;9996;2;9995;26;;;10004;2;10005;26;;;10000.0;174.0
-1;21000;KELP;2024;28;;;;;2027;28;;;;;2025.5;4.2550048828125
-1;21100;KELP;2024;2;2023;22;;;2027;24;;;;;2025.5;4.1656494140625
-1;21100;RAINFOREST_RESIN;9996;2;9995;22;;;10004;2;10005;22;;;10000.0;174.0
-1;21200;KELP;2024;22;;;;;2027;22;;;;;2025.5;4.30908203125
-1;21200;RAINFOREST_RESIN;9995;22;;;;;9998;1;10005;22;;;9996.5;174.0
-1;21300;RAINFOREST_RESIN;9996;1;9995;29;;;10002;7;10004;1;10005;29;9999.0;176.0
-1;21300;KELP;2024;1;2023;29;;;2027;30;;;;;2025.5;4.193115234375
-1;21400;RAINFOREST_RESIN;9995;28;;;;;10005;28;;;;;10000.0;192.0
-1;21400;KELP;2024;28;;;;;2027;28;;;;;2025.5;4.2969970703125
-1;21500;KELP;2026;4;2024;21;;;2027;21;;;;;2026.5;4.6961669921875
-1;21500;RAINFOREST_RESIN;9996;1;9995;20;;;10004;1;10005;20;;;10000.0;192.0
-1;21600;KELP;2024;27;;;;;2027;2;2028;25;;;2025.5;4.82080078125
-1;21600;RAINFOREST_RESIN;10002;12;9996;2;9995;25;10004;2;10005;25;;;10003.0;192.0
-1;21700;RAINFOREST_RESIN;9998;8;9996;2;9995;29;10004;2;10005;29;;;10001.0;216.0
-1;21700;KELP;2024;31;;;;;2027;31;;;;;2025.5;4.731201171875
-1;21800;RAINFOREST_RESIN;9996;2;9995;22;;;10004;2;10005;22;;;10000.0;216.0
-1;21800;KELP;2024;24;;;;;2028;24;;;;;2026.0;4.9063720703125
-1;21900;KELP;2024;22;;;;;2028;22;;;;;2026.0;4.9482421875
-1;21900;RAINFOREST_RESIN;10002;3;9996;1;9995;21;10004;1;10005;21;;;10003.0;216.0
-1;22000;KELP;2024;21;;;;;2028;21;;;;;2026.0;4.8160400390625
-1;22000;RAINFOREST_RESIN;9995;21;;;;;10005;21;;;;;10000.0;222.0
-1;22100;RAINFOREST_RESIN;9996;2;9995;22;;;10002;7;10004;2;10005;22;9999.0;222.0
-1;22100;KELP;2024;23;;;;;2027;24;;;;;2025.5;4.49755859375
-1;22200;RAINFOREST_RESIN;9998;6;9996;1;9995;20;10004;1;10005;20;;;10001.0;222.0
-1;22200;KELP;2024;21;;;;;2027;21;;;;;2025.5;4.3011474609375
-1;22300;KELP;2023;29;;;;;2026;1;2027;28;;;2024.5;3.7952880859375
-1;22300;RAINFOREST_RESIN;9996;1;9995;28;;;10004;1;10005;28;;;10000.0;232.0
-1;22400;KELP;2023;29;;;;;2026;29;;;;;2024.5;3.751953125
-1;22400;RAINFOREST_RESIN;9996;2;9995;27;;;9998;1;10004;2;10005;27;9997.0;232.0
-1;22500;RAINFOREST_RESIN;9996;2;9995;29;;;10004;2;10005;29;;;10000.0;243.0
-1;22500;KELP;2023;31;;;;;2026;31;;;;;2024.5;3.52685546875
-1;22600;RAINFOREST_RESIN;10000;6;9998;6;9996;2;10004;2;10005;20;;;10002.0;243.0
-1;22600;KELP;2024;6;2023;26;;;2026;22;;;;;2025.0;3.4541015625
-1;22700;KELP;2023;25;;;;;2026;26;;;;;2024.5;3.4190673828125
-1;22700;RAINFOREST_RESIN;9996;2;9995;24;;;10004;2;10005;24;;;10000.0;243.0
-1;22800;KELP;2023;27;;;;;2026;28;;;;;2024.5;3.2237548828125
-1;22800;RAINFOREST_RESIN;9996;1;9995;27;;;9998;2;10004;1;10005;27;9997.0;243.0
-1;22900;RAINFOREST_RESIN;9996;2;9995;30;;;10002;8;10004;2;10005;30;9999.0;247.0
-1;22900;KELP;2023;2;2022;30;;;2026;32;;;;;2024.5;3.17236328125
-1;23000;RAINFOREST_RESIN;9996;1;9995;21;;;10004;1;10005;21;;;10000.0;247.0
-1;23000;KELP;2022;22;;;;;2026;22;;;;;2024.0;3.0367431640625
-1;23100;KELP;2023;23;;;;;2026;23;;;;;2024.5;3.302734375
-1;23100;RAINFOREST_RESIN;9998;8;9995;23;;;10005;23;;;;;10001.5;247.0
-1;23200;KELP;2023;2;2022;29;;;2024;3;2026;31;;;2023.5;3.1883544921875
-1;23200;RAINFOREST_RESIN;9998;5;9996;2;9995;29;10004;2;10005;29;;;10001.0;247.0
-1;23300;RAINFOREST_RESIN;9996;1;9995;29;;;10004;1;10005;29;;;10000.0;249.0
-1;23300;KELP;2023;30;;;;;2026;30;;;;;2024.5;3.3604736328125
-1;23400;RAINFOREST_RESIN;9996;1;9995;29;;;10004;1;10005;29;;;10000.0;249.0
-1;23400;KELP;2023;30;;;;;2026;30;;;;;2024.5;3.3714599609375
-1;23500;KELP;2023;29;;;;;2025;4;2026;30;;;2024.0;3.362548828125
-1;23500;RAINFOREST_RESIN;9998;8;9996;2;9995;28;10004;2;10005;28;;;10001.0;249.0
-1;23600;KELP;2022;27;;;;;2026;27;;;;;2024.0;3.1904296875
-1;23600;RAINFOREST_RESIN;9995;27;;;;;10005;27;;;;;10000.0;249.0
-1;23700;RAINFOREST_RESIN;10002;1;9996;2;9995;21;10004;2;10005;21;;;10003.0;249.0
-1;23700;KELP;2023;2;2022;21;;;2025;7;2026;23;;;2024.0;3.2022705078125
-1;23800;RAINFOREST_RESIN;9995;30;;;;;10005;30;;;;;10000.0;259.0
-1;23800;KELP;2024;1;2022;30;;;2026;30;;;;;2025.0;2.8780517578125
-1;23900;KELP;2025;1;2023;1;2022;30;2026;30;;;;;2025.5;3.10595703125
-1;23900;RAINFOREST_RESIN;9995;30;;;;;10005;30;;;;;10000.0;259.0
-1;24000;KELP;2022;29;;;;;2026;29;;;;;2024.0;3.10009765625
-1;24000;RAINFOREST_RESIN;9998;9;9995;29;;;10005;29;;;;;10001.5;259.0
-1;24100;RAINFOREST_RESIN;9996;1;9995;25;;;10004;1;10005;25;;;10000.0;259.0
-1;24100;KELP;2023;1;2022;25;;;2025;3;2026;26;;;2024.0;3.2093505859375
-1;24200;RAINFOREST_RESIN;9996;2;9995;28;;;10002;6;10004;2;10005;28;9999.0;267.0
-1;24200;KELP;2023;30;;;;;2026;30;;;;;2024.5;3.3592529296875
-1;24300;KELP;2023;26;;;;;2026;26;;;;;2024.5;3.3828125
-1;24300;RAINFOREST_RESIN;9996;2;9995;24;;;10002;1;10004;2;10005;24;9999.0;267.0
-1;24400;KELP;2025;1;2023;22;;;2026;22;;;;;2025.5;3.2581787109375
-1;24400;RAINFOREST_RESIN;10002;1;9998;4;9996;1;10004;1;10005;21;;;10003.0;267.0
-1;24500;RAINFOREST_RESIN;10002;1;9996;1;9995;25;10004;1;10005;25;;;10003.0;269.0
-1;24500;KELP;2022;26;;;;;2026;26;;;;;2024.0;3.02099609375
-1;24600;RAINFOREST_RESIN;9995;24;;;;;9998;2;10005;24;;;9996.5;275.0
-1;24600;KELP;2022;24;;;;;2024;2;2026;24;;;2023.0;5.5458984375
-1;24700;KELP;2023;25;;;;;2026;25;;;;;2024.5;5.9501953125
-1;24700;RAINFOREST_RESIN;9995;25;;;;;10005;25;;;;;10000.0;279.0
-1;24800;KELP;2022;23;;;;;2026;23;;;;;2024.0;5.15380859375
-1;24800;RAINFOREST_RESIN;9995;23;;;;;10005;23;;;;;10000.0;279.0
-1;24900;RAINFOREST_RESIN;10002;1;9996;1;9995;22;10004;1;10005;22;;;10003.0;279.0
-1;24900;KELP;2024;4;2022;23;;;2026;23;;;;;2025.0;5.3310546875
-1;25000;RAINFOREST_RESIN;9995;23;;;;;10005;23;;;;;10000.0;281.0
-1;25000;KELP;2023;23;;;;;2026;23;;;;;2024.5;5.8779296875
-1;25100;KELP;2022;25;;;;;2024;4;2026;25;;;2023.0;5.44921875
-1;25100;RAINFOREST_RESIN;10002;1;9995;25;;;10005;25;;;;;10003.5;281.0
-1;25200;KELP;2023;1;2022;24;;;2025;3;2026;25;;;2024.0;5.5712890625
-1;25200;RAINFOREST_RESIN;9996;1;9995;24;;;9998;5;10004;1;10005;24;9997.0;283.0
-1;25300;RAINFOREST_RESIN;9996;2;9995;22;;;10004;2;10005;22;;;10000.0;293.0
-1;25300;KELP;2023;4;2022;22;;;2026;24;;;;;2024.5;5.5673828125
-1;25400;RAINFOREST_RESIN;9996;1;9995;29;;;10004;1;10005;29;;;10000.0;293.0
-1;25400;KELP;2025;8;2023;30;;;2026;30;;;;;2025.5;5.75927734375
-1;25500;KELP;2022;21;;;;;2025;21;;;;;2023.5;4.06201171875
-1;25500;RAINFOREST_RESIN;9996;1;9995;20;;;9998;6;10002;9;10004;1;9997.0;293.0
-1;25600;KELP;2023;31;;;;;2026;23;;;;;2024.5;5.810546875
-1;25600;RAINFOREST_RESIN;9996;1;9995;22;;;10002;7;10004;1;10005;22;9999.0;305.0
-1;25700;RAINFOREST_RESIN;9996;2;9995;30;;;10004;2;10005;30;;;10000.0;305.0
-1;25700;KELP;2023;32;;;;;2025;6;2026;32;;;2024.0;6.22705078125
-1;25800;RAINFOREST_RESIN;10002;4;9995;24;;;10005;24;;;;;10003.5;305.0
-1;25800;KELP;2023;23;;;;;2026;24;;;;;2024.5;6.7353515625
-1;25900;KELP;2023;25;;;;;2026;25;;;;;2024.5;6.056640625
-1;25900;RAINFOREST_RESIN;9996;2;9995;23;;;10004;2;10005;23;;;10000.0;313.0
-1;26000;RAINFOREST_RESIN;9996;2;9995;27;;;10004;2;10005;27;;;10000.0;313.0
-1;26000;KELP;2023;22;;;;;2026;29;;;;;2024.5;5.65966796875
-1;26100;KELP;2023;20;;;;;2026;20;;;;;2024.5;6.1181640625
-1;26100;RAINFOREST_RESIN;9998;7;9995;20;;;10005;20;;;;;10001.5;313.0
-1;26200;RAINFOREST_RESIN;9996;1;9995;22;;;10004;1;10005;22;;;10000.0;313.0
-1;26200;KELP;2023;23;;;;;2026;23;;;;;2024.5;6.24267578125
-1;26300;KELP;2023;30;;;;;2026;30;;;;;2024.5;6.1201171875
-1;26300;RAINFOREST_RESIN;9996;1;9995;29;;;9998;1;10004;1;10005;29;9997.0;313.0
-1;26400;RAINFOREST_RESIN;9995;22;;;;;10005;22;;;;;10000.0;315.0
-1;26400;KELP;2023;27;;;;;2026;22;;;;;2024.5;5.884765625
-1;26500;KELP;2023;24;;;;;2026;24;;;;;2024.5;5.830078125
-1;26500;RAINFOREST_RESIN;9996;1;9995;23;;;10004;1;10005;23;;;10000.0;315.0
-1;26600;RAINFOREST_RESIN;9996;2;9995;28;;;9998;1;10004;2;10005;28;9997.0;315.0
-1;26600;KELP;2023;36;;;;;2026;30;;;;;2024.5;6.07958984375
-1;26700;KELP;2023;24;;;;;2025;6;2026;24;;;2024.0;6.046875
-1;26700;RAINFOREST_RESIN;9998;2;9996;1;9995;23;10004;1;10005;23;;;10001.0;317.0
-1;26800;RAINFOREST_RESIN;9996;2;9995;28;;;10004;2;10005;28;;;10000.0;317.0
-1;26800;KELP;2025;1;2023;30;;;2026;30;;;;;2025.5;5.9541015625
-1;26900;KELP;2023;29;;;;;2026;30;;;;;2024.5;5.8974609375
-1;26900;RAINFOREST_RESIN;10002;1;9995;30;;;10005;30;;;;;10003.5;317.0
-1;27000;RAINFOREST_RESIN;9995;28;;;;;10002;1;10005;28;;;9998.5;319.0
-1;27000;KELP;2023;30;;;;;2026;28;;;;;2024.5;5.9306640625
-1;27100;KELP;2023;27;;;;;2026;24;;;;;2024.5;6.19921875
-1;27100;RAINFOREST_RESIN;9995;24;;;;;10005;24;;;;;10000.0;319.0
-1;27200;RAINFOREST_RESIN;9998;2;9995;21;;;10005;21;;;;;10001.5;319.0
-1;27200;KELP;2023;21;;;;;2025;2;2026;21;;;2024.0;6.076171875
-1;27300;KELP;2025;1;2023;31;;;2026;31;;;;;2025.5;6.1650390625
-1;27300;RAINFOREST_RESIN;9996;2;9995;29;;;10004;2;10005;29;;;10000.0;319.0
-1;27400;RAINFOREST_RESIN;9995;21;;;;;10005;21;;;;;10000.0;319.0
-1;27400;KELP;2023;21;;;;;2026;21;;;;;2024.5;6.90576171875
-1;27500;KELP;2023;23;;;;;2025;6;2026;23;;;2024.0;7.03173828125
-1;27500;RAINFOREST_RESIN;9996;1;9995;22;;;10004;1;10005;22;;;10000.0;319.0
-1;27600;RAINFOREST_RESIN;9998;5;9995;24;;;10005;24;;;;;10001.5;319.0
-1;27600;KELP;2023;30;;;;;2026;24;;;;;2024.5;6.6796875
-1;27700;KELP;2023;19;;;;;2026;24;;;;;2024.5;6.8095703125
-1;27700;RAINFOREST_RESIN;9995;24;;;;;10005;24;;;;;10000.0;319.0
-1;27800;RAINFOREST_RESIN;9998;9;9996;2;9995;26;10004;2;10005;26;;;10001.0;319.0
-1;27800;KELP;2023;28;;;;;2025;3;2026;28;;;2024.0;7.16552734375
-1;27900;KELP;2025;1;2023;29;;;2026;29;;;;;2025.5;6.9580078125
-1;27900;RAINFOREST_RESIN;9996;2;9995;27;;;10002;4;10004;2;10005;27;9999.0;319.0
-1;28000;RAINFOREST_RESIN;9998;2;9995;28;;;10005;28;;;;;10001.5;319.0
-1;28000;KELP;2023;28;;;;;2026;28;;;;;2024.5;7.228515625
-1;28100;KELP;2023;26;;;;;2026;26;;;;;2024.5;6.97705078125
-1;28100;RAINFOREST_RESIN;9996;2;9995;24;;;10004;2;10005;24;;;10000.0;319.0
-1;28200;RAINFOREST_RESIN;9996;1;9995;25;;;9998;2;10004;1;10005;25;9997.0;319.0
-1;28200;KELP;2023;26;;;;;2025;5;2026;1;2027;25;2024.0;7.6181640625
-1;28300;KELP;2023;24;;;;;2024;2;2027;24;;;2023.5;8.133056640625
-1;28300;RAINFOREST_RESIN;9996;1;9995;23;;;10004;1;10005;23;;;10000.0;323.0
-1;28400;RAINFOREST_RESIN;9996;2;9995;23;;;10004;2;10005;23;;;10000.0;323.0
-1;28400;KELP;2023;24;;;;;2027;25;;;;;2025.0;8.216552734375
-1;28500;KELP;2023;23;;;;;2027;23;;;;;2025.0;7.9951171875
-1;28500;RAINFOREST_RESIN;9998;10;9995;23;;;10005;23;;;;;10001.5;323.0
-1;28600;RAINFOREST_RESIN;10002;1;9996;2;9995;21;10004;2;10005;21;;;10003.0;323.0
-1;28600;KELP;2023;23;;;;;2025;8;2027;23;;;2024.0;7.977294921875
-1;28700;RAINFOREST_RESIN;9995;30;;;;;10005;30;;;;;10000.0;325.0
-1;28700;KELP;2023;30;;;;;2027;30;;;;;2025.0;7.850341796875
-1;28800;RAINFOREST_RESIN;9995;27;;;;;10005;27;;;;;10000.0;325.0
-1;28800;KELP;2024;27;;;;;2027;27;;;;;2025.5;7.49072265625
-1;28900;KELP;2024;26;;;;;2027;22;;;;;2025.5;6.796142578125
-1;28900;RAINFOREST_RESIN;9998;7;9996;1;9995;21;10004;1;10005;21;;;10001.0;325.0
-1;29000;KELP;2024;23;;;;;2027;24;;;;;2025.5;7.271484375
-1;29000;RAINFOREST_RESIN;9995;24;;;;;10005;24;;;;;10000.0;325.0
-1;29100;RAINFOREST_RESIN;9996;2;9995;26;;;10004;2;10005;26;;;10000.0;325.0
-1;29100;KELP;2024;31;;;;;2027;28;;;;;2025.5;7.05908203125
-1;29200;RAINFOREST_RESIN;9996;1;9995;30;;;10004;1;10005;30;;;10000.0;325.0
-1;29200;KELP;2026;1;2024;31;;;2027;31;;;;;2026.5;7.204345703125
-1;29300;KELP;2024;32;;;;;2026;2;2027;32;;;2025.0;7.148193359375
-1;29300;RAINFOREST_RESIN;9996;2;9995;30;;;10002;3;10004;2;10005;30;9999.0;325.0
-1;29400;KELP;2024;25;;;;;2027;26;;;;;2025.5;7.102294921875
-1;29400;RAINFOREST_RESIN;10002;1;9996;1;9995;25;10004;1;10005;25;;;10003.0;325.0
-1;29500;RAINFOREST_RESIN;9996;2;9995;27;;;10004;2;10005;27;;;10000.0;327.0
-1;29500;KELP;2024;31;;;;;2027;29;;;;;2025.5;7.06591796875
-1;29600;RAINFOREST_RESIN;9996;2;9995;28;;;10004;2;10005;28;;;10000.0;327.0
-1;29600;KELP;2024;2;2023;28;;;2025;3;2027;30;;;2024.5;7.697021484375
-1;29700;KELP;2024;28;;;;;2027;26;;;;;2025.5;6.560546875
-1;29700;RAINFOREST_RESIN;9996;1;9995;25;;;10002;4;10004;1;10005;25;9999.0;327.0
-1;29800;KELP;2024;31;;;;;2026;1;2027;1;2028;30;2025.0;6.390380859375
-1;29800;RAINFOREST_RESIN;9998;6;9996;1;9995;30;10004;1;10005;30;;;10001.0;327.0
-1;29900;RAINFOREST_RESIN;9995;21;;;;;10005;21;;;;;10000.0;327.0
-1;29900;KELP;2025;8;2024;21;;;2028;21;;;;;2026.5;6.268310546875
-1;30000;RAINFOREST_RESIN;9998;3;9996;1;9995;30;10004;1;10005;30;;;10001.0;327.0
-1;30000;KELP;2024;31;;;;;2028;31;;;;;2026.0;6.07568359375
-1;30100;KELP;2024;30;;;;;2027;30;;;;;2025.5;6.604736328125
-1;30100;RAINFOREST_RESIN;9996;2;9995;28;;;10004;2;10005;28;;;10000.0;329.0
-1;30200;KELP;2024;22;;;;;2027;22;;;;;2025.5;6.451171875
-1;30200;RAINFOREST_RESIN;9996;2;9995;20;;;10004;2;10005;20;;;10000.0;329.0
-1;30300;RAINFOREST_RESIN;9996;2;9995;29;;;10002;9;10004;2;10005;29;9999.0;329.0
-1;30300;KELP;2026;1;2024;31;;;2027;31;;;;;2026.5;6.71630859375
-1;30400;RAINFOREST_RESIN;10000;5;9996;2;9995;29;10002;8;10004;2;10005;29;10001.0;329.0
-1;30400;KELP;2025;5;2024;31;;;2027;31;;;;;2026.0;7.01708984375
-1;30500;KELP;2024;22;;;;;2027;22;;;;;2025.5;7.5244140625
-1;30500;RAINFOREST_RESIN;9998;5;9996;2;9995;20;10004;2;10005;20;;;10001.0;329.0
-1;30600;KELP;2024;1;2023;20;;;2027;22;;;;;2025.5;7.64892578125
-1;30600;RAINFOREST_RESIN;9996;2;9995;20;;;10002;4;10004;2;10005;20;9999.0;329.0
-1;30700;RAINFOREST_RESIN;9995;30;;;;;10005;30;;;;;10000.0;329.0
-1;30700;KELP;2024;30;;;;;2027;30;;;;;2025.5;7.523681640625
-1;30800;RAINFOREST_RESIN;9996;1;9995;30;;;10004;1;10005;30;;;10000.0;329.0
-1;30800;KELP;2024;4;2023;30;;;2027;31;;;;;2025.5;7.604736328125
-1;30900;KELP;2023;30;;;;;2025;7;2026;30;;;2024.0;8.756103515625
-1;30900;RAINFOREST_RESIN;9996;2;9995;28;;;10002;6;10004;2;10005;28;9999.0;329.0
-1;31000;KELP;2024;4;2023;30;;;2026;23;;;;;2025.0;8.610107421875
-1;31000;RAINFOREST_RESIN;10000;4;9996;1;9995;22;10004;1;10005;22;;;10002.0;329.0
-1;31100;RAINFOREST_RESIN;9996;2;9995;27;;;10004;2;10005;27;;;10000.0;329.0
-1;31100;KELP;2023;29;;;;;2026;2;2027;27;;;2024.5;8.4052734375
-1;31200;RAINFOREST_RESIN;9996;2;9995;29;;;10002;6;10004;2;10005;29;9999.0;329.0
-1;31200;KELP;2023;31;;;;;2026;31;;;;;2024.5;8.469970703125
-1;31300;KELP;2023;24;;;;;2026;24;;;;;2024.5;8.52587890625
-1;31300;RAINFOREST_RESIN;9996;1;9995;23;;;10004;1;10005;23;;;10000.0;329.0
-1;31400;KELP;2023;26;;;;;2026;26;;;;;2024.5;8.931884765625
-1;31400;RAINFOREST_RESIN;9995;26;;;;;9998;1;10005;26;;;9996.5;329.0
-1;31500;RAINFOREST_RESIN;9995;30;;;;;10005;30;;;;;10000.0;331.0
-1;31500;KELP;2023;35;;;;;2026;30;;;;;2024.5;8.810546875
-1;31600;RAINFOREST_RESIN;9995;27;;;;;10005;27;;;;;10000.0;331.0
-1;31600;KELP;2025;1;2023;27;;;2026;27;;;;;2025.5;8.623291015625
-1;31700;KELP;2023;24;;;;;2025;3;2026;24;;;2024.0;8.579833984375
-1;31700;RAINFOREST_RESIN;9996;2;9995;22;;;10004;2;10005;22;;;10000.0;331.0
-1;31800;KELP;2024;6;2023;26;;;2026;1;2027;25;;;2025.0;8.253173828125
-1;31800;RAINFOREST_RESIN;10000;6;9996;1;9995;25;10004;1;10005;25;;;10002.0;331.0
-1;31900;RAINFOREST_RESIN;9998;3;9995;28;;;10005;28;;;;;10001.5;331.0
-1;31900;KELP;2024;4;2023;28;;;2027;28;;;;;2025.5;8.2265625
-1;32000;RAINFOREST_RESIN;9996;1;9995;24;;;10004;1;10005;24;;;10000.0;331.0
-1;32000;KELP;2024;2;2023;25;;;2026;1;2027;24;;;2025.0;8.343505859375
-1;32100;KELP;2023;29;;;;;2026;29;;;;;2024.5;8.9892578125
-1;32100;RAINFOREST_RESIN;9996;1;9995;28;;;10004;1;10005;28;;;10000.0;331.0
-1;32200;KELP;2023;28;;;;;2027;28;;;;;2025.0;8.107177734375
-1;32200;RAINFOREST_RESIN;9996;1;9995;27;;;10004;1;10005;27;;;10000.0;331.0
-1;32300;RAINFOREST_RESIN;9995;25;;;;;10005;25;;;;;10000.0;331.0
-1;32300;KELP;2023;25;;;;;2026;25;;;;;2024.5;8.68017578125
-1;32400;RAINFOREST_RESIN;9996;1;9995;30;;;10004;1;10005;30;;;10000.0;331.0
-1;32400;KELP;2023;30;;;;;2026;1;2027;30;;;2024.5;8.376953125
-1;32500;KELP;2023;21;;;;;2025;5;2027;22;;;2024.0;8.11669921875
-1;32500;RAINFOREST_RESIN;9998;1;9996;1;9995;21;10004;1;10005;21;;;10001.0;331.0
-1;32600;KELP;2023;30;;;;;2027;30;;;;;2025.0;7.9921875
-1;32600;RAINFOREST_RESIN;10002;1;9995;30;;;10005;30;;;;;10003.5;331.0
-1;32700;RAINFOREST_RESIN;9996;2;9995;22;;;10004;2;10005;22;;;10000.0;333.0
-1;32700;KELP;2023;24;;;;;2026;2;2027;22;;;2024.5;10.4697265625
-1;32800;RAINFOREST_RESIN;9996;2;9995;28;;;10004;2;10005;28;;;10000.0;333.0
-1;32800;KELP;2023;30;;;;;2026;2;2027;28;;;2024.5;10.5595703125
-1;32900;KELP;2023;29;;;;;2026;2;2027;27;;;2024.5;10.841796875
-1;32900;RAINFOREST_RESIN;9996;2;9995;27;;;10004;2;10005;27;;;10000.0;342.0
-1;33000;KELP;2025;1;2023;30;;;2026;30;;;;;2025.5;11.283203125
-1;33000;RAINFOREST_RESIN;9996;2;9995;28;;;10004;2;10005;28;;;10000.0;342.0
-1;33100;RAINFOREST_RESIN;9996;1;9995;28;;;10004;1;10005;28;;;10000.0;342.0
-1;33100;KELP;2023;28;;;;;2025;3;2026;29;;;2024.0;11.23681640625
-1;33200;RAINFOREST_RESIN;9996;1;9995;20;;;10002;7;10004;1;10005;20;9999.0;342.0
-1;33200;KELP;2023;20;;;;;2024;10;2026;1;2027;20;2023.5;10.513671875
-1;33300;KELP;2024;1;2023;20;;;2027;21;;;;;2025.5;9.2333984375
-1;33300;RAINFOREST_RESIN;9996;1;9995;20;;;10004;1;10005;20;;;10000.0;342.0
-1;33400;KELP;2023;32;;;;;2027;32;;;;;2025.0;9.7333984375
-1;33400;RAINFOREST_RESIN;9996;2;9995;30;;;10002;3;10004;2;10005;30;9999.0;342.0
-1;33500;RAINFOREST_RESIN;9996;1;9995;20;;;10004;1;10005;20;;;10000.0;342.0
-1;33500;KELP;2023;21;;;;;2026;21;;;;;2024.5;11.541015625
-1;33600;RAINFOREST_RESIN;10002;6;9995;27;;;10005;27;;;;;10003.5;342.0
-1;33600;KELP;2023;27;;;;;2026;27;;;;;2024.5;11.80712890625
-1;33700;KELP;2023;32;;;;;2026;28;;;;;2024.5;12.21533203125
-1;33700;RAINFOREST_RESIN;9996;1;9995;27;;;10002;1;10004;1;10005;27;9999.0;354.0
-1;33800;KELP;2024;3;2023;31;;;2026;26;;;;;2025.0;12.83447265625
-1;33800;RAINFOREST_RESIN;9996;1;9995;25;;;10004;1;10005;25;;;10000.0;354.0
-1;33900;RAINFOREST_RESIN;9995;24;;;;;10005;24;;;;;10000.0;354.0
-1;33900;KELP;2023;24;;;;;2026;24;;;;;2024.5;12.21533203125
-1;34000;RAINFOREST_RESIN;10002;1;9995;30;;;10005;30;;;;;10003.5;354.0
-1;34000;KELP;2023;29;;;;;2025;8;2026;30;;;2024.0;12.01904296875
-1;34100;KELP;2023;25;;;;;2026;23;;;;;2024.5;12.5712890625
-1;34100;RAINFOREST_RESIN;9996;1;9995;22;;;10004;1;10005;22;;;10000.0;356.0
-1;34200;KELP;2022;23;;;;;2024;1;2026;23;;;2023.0;13.95458984375
-1;34200;RAINFOREST_RESIN;9995;23;;;;;10005;23;;;;;10000.0;359.0
-1;34300;RAINFOREST_RESIN;10002;1;9996;1;9995;22;10004;1;10005;22;;;10003.0;359.0
-1;34300;KELP;2022;23;;;;;2026;23;;;;;2024.0;14.40380859375
-1;34400;RAINFOREST_RESIN;9996;2;9995;23;;;10004;2;10005;23;;;10000.0;361.0
-1;34400;KELP;2023;3;2022;25;;;2025;2;2026;23;;;2024.0;14.4921875
-1;34500;KELP;2022;30;;;;;2023;5;2024;1;2026;30;2022.5;14.46044921875
-1;34500;RAINFOREST_RESIN;9995;30;;;;;10005;30;;;;;10000.0;361.0
-1;34600;KELP;2022;29;;;;;2023;1;2026;29;;;2022.5;13.68603515625
-1;34600;RAINFOREST_RESIN;9995;29;;;;;10005;29;;;;;10000.0;361.0
-1;34700;RAINFOREST_RESIN;9998;6;9995;24;;;10005;24;;;;;10001.5;361.0
-1;34700;KELP;2023;24;;;;;2026;24;;;;;2024.5;13.10791015625
-1;34800;RAINFOREST_RESIN;9996;2;9995;23;;;10004;2;10005;23;;;10000.0;361.0
-1;34800;KELP;2023;2;2022;23;;;2026;25;;;;;2024.5;13.50244140625
-1;34900;KELP;2023;21;;;;;2026;21;;;;;2024.5;13.01416015625
-1;34900;RAINFOREST_RESIN;9996;1;9995;20;;;10004;1;10005;20;;;10000.0;361.0
-1;35000;RAINFOREST_RESIN;10002;1;9995;20;;;10005;20;;;;;10003.5;361.0
-1;35000;KELP;2025;1;2023;20;;;2026;20;;;;;2025.5;10.8603515625
-1;35100;KELP;2023;31;;;;;2026;31;;;;;2024.5;12.041015625
-1;35100;RAINFOREST_RESIN;10002;3;9996;2;9995;29;10004;2;10005;29;;;10003.0;363.0
-1;35200;RAINFOREST_RESIN;9996;2;9995;28;;;10002;10;10004;2;10005;28;9999.0;369.0
-1;35200;KELP;2023;33;;;;;2026;30;;;;;2024.5;11.361328125
-1;35300;KELP;2023;20;;;;;2026;28;;;;;2024.5;12.69970703125
-1;35300;RAINFOREST_RESIN;9998;6;9996;1;9995;27;10004;1;10005;27;;;10001.0;369.0
-1;35400;RAINFOREST_RESIN;10002;3;9995;25;;;10005;25;;;;;10003.5;369.0
-1;35400;KELP;2025;1;2023;27;;;2026;25;;;;;2025.5;12.865234375
-1;35500;KELP;2023;28;;;;;2026;28;;;;;2024.5;12.70556640625
-1;35500;RAINFOREST_RESIN;9996;2;9995;26;;;10004;2;10005;26;;;10000.0;375.0
-1;35600;RAINFOREST_RESIN;9995;26;;;;;10005;26;;;;;10000.0;375.0
-1;35600;KELP;2023;26;;;;;2026;26;;;;;2024.5;12.99462890625
-1;35700;KELP;2023;29;;;;;2026;29;;;;;2024.5;12.5859375
-1;35700;RAINFOREST_RESIN;9996;2;9995;27;;;10004;2;10005;27;;;10000.0;375.0
-1;35800;RAINFOREST_RESIN;9998;7;9996;1;9995;30;10004;1;10005;30;;;10001.0;375.0
-1;35800;KELP;2023;29;;;;;2026;31;;;;;2024.5;12.66943359375
-1;35900;KELP;2023;2;2022;21;;;2026;23;;;;;2024.5;13.45068359375
-1;35900;RAINFOREST_RESIN;9996;2;9995;21;;;10004;2;10005;21;;;10000.0;375.0
-1;36000;RAINFOREST_RESIN;9995;30;;;;;10002;5;10005;30;;;9998.5;375.0
-1;36000;KELP;2022;30;;;;;2024;3;2026;30;;;2023.0;13.43359375
-1;36100;KELP;2022;26;;;;;2025;2;2026;24;;;2023.5;14.54638671875
-1;36100;RAINFOREST_RESIN;10002;8;9996;2;9995;24;10004;2;10005;24;;;10003.0;375.0
-1;36200;RAINFOREST_RESIN;9996;1;9995;29;;;9998;1;10004;1;10005;29;9997.0;391.0
-1;36200;KELP;2022;30;;;;;2025;1;2026;29;;;2023.5;14.51123046875
-1;36300;KELP;2022;22;;;;;2024;6;2025;22;;;2023.0;14.88916015625
-1;36300;RAINFOREST_RESIN;9996;1;9995;21;;;10004;1;10005;21;;;10000.0;393.0
-1;36400;RAINFOREST_RESIN;9998;1;9996;1;9995;20;10004;1;10005;20;;;10001.0;393.0
-1;36400;KELP;2024;1;2023;3;2022;21;2025;1;2026;20;;;2024.5;14.7275390625
-1;36500;KELP;2022;25;;;;;2023;2;2025;25;;;2022.5;15.41943359375
-1;36500;RAINFOREST_RESIN;9995;25;;;;;10005;25;;;;;10000.0;393.0
-1;36600;RAINFOREST_RESIN;9996;1;9995;28;;;10004;1;10005;28;;;10000.0;393.0
-1;36600;KELP;2022;29;;;;;2025;29;;;;;2023.5;14.9833984375
-1;36700;KELP;2021;21;;;;;2025;21;;;;;2023.0;18.513671875
-1;36700;RAINFOREST_RESIN;9995;21;;;;;10005;21;;;;;10000.0;393.0
-1;36800;RAINFOREST_RESIN;9995;30;;;;;10005;30;;;;;10000.0;393.0
-1;36800;KELP;2021;30;;;;;2025;30;;;;;2023.0;18.208984375
-1;36900;KELP;2021;27;;;;;2024;27;;;;;2022.5;20.7275390625
-1;36900;RAINFOREST_RESIN;9996;1;9995;26;;;10004;1;10005;26;;;10000.0;393.0
-1;37000;RAINFOREST_RESIN;9996;2;9995;23;;;10004;2;10005;23;;;10000.0;393.0
-1;37000;KELP;2020;25;;;;;2024;25;;;;;2022.0;22.24951171875
-1;37100;KELP;2021;27;;;;;2024;23;;;;;2022.5;19.70263671875
-1;37100;RAINFOREST_RESIN;9996;2;9995;21;;;10004;2;10005;21;;;10000.0;393.0
-1;37200;RAINFOREST_RESIN;9996;1;9995;20;;;10004;1;10005;20;;;10000.0;393.0
-1;37200;KELP;2021;25;;;;;2024;21;;;;;2022.5;19.9482421875
-1;37300;KELP;2022;4;2021;28;;;2024;1;2025;27;;;2023.0;18.75341796875
-1;37300;RAINFOREST_RESIN;9996;1;9995;27;;;9998;10;10002;4;10004;1;9997.0;393.0
-1;37400;RAINFOREST_RESIN;10002;1;9998;2;9995;30;10005;30;;;;;10003.5;413.0
-1;37400;KELP;2021;30;;;;;2024;30;;;;;2022.5;19.150390625
-1;37500;KELP;2020;27;;;;;2024;27;;;;;2022.0;21.998046875
-1;37500;RAINFOREST_RESIN;9996;2;9995;25;;;10004;2;10005;25;;;10000.0;415.0
-1;37600;KELP;2020;22;;;;;2024;22;;;;;2022.0;22.42724609375
-1;37600;RAINFOREST_RESIN;9995;22;;;;;10002;7;10005;22;;;9998.5;416.0
-1;37700;RAINFOREST_RESIN;9996;1;9995;23;;;10004;1;10005;23;;;10000.0;416.0
-1;37700;KELP;2020;24;;;;;2024;24;;;;;2022.0;22.30419921875
-1;37800;RAINFOREST_RESIN;9995;25;;;;;10005;25;;;;;10000.0;416.0
-1;37800;KELP;2020;24;;;;;2024;25;;;;;2022.0;22.599609375
-1;37900;KELP;2019;25;;;;;2023;25;;;;;2021.0;25.013671875
-1;37900;RAINFOREST_RESIN;9995;25;;;;;10005;25;;;;;10000.0;416.0
-1;38000;KELP;2019;32;;;;;2021;4;2023;32;;;2020.0;25.0400390625
-1;38000;RAINFOREST_RESIN;10002;1;9996;2;9995;30;10004;2;10005;30;;;10003.0;416.0
-1;38100;RAINFOREST_RESIN;9996;2;9995;26;;;10002;2;10004;2;10005;26;9999.0;418.0
-1;38100;KELP;2019;28;;;;;2022;2;2023;26;;;2020.5;25.47509765625
-1;38200;RAINFOREST_RESIN;9996;1;9995;27;;;10004;1;10005;27;;;10000.0;418.0
-1;38200;KELP;2019;28;;;;;2023;28;;;;;2021.0;24.70361328125
-1;38300;KELP;2019;26;;;;;2022;26;;;;;2020.5;25.783203125
-1;38300;RAINFOREST_RESIN;9998;5;9995;26;;;10005;26;;;;;10001.5;418.0
-1;38400;KELP;2019;24;;;;;2020;6;2022;24;;;2019.5;25.912109375
-1;38400;RAINFOREST_RESIN;9996;1;9995;23;;;10000;6;10004;1;10005;23;9998.0;418.0
-1;38500;RAINFOREST_RESIN;10002;1;9995;21;;;10005;21;;;;;10003.5;418.0
-1;38500;KELP;2019;21;;;;;2022;21;;;;;2020.5;26.326171875
-1;38600;RAINFOREST_RESIN;9996;2;9995;28;;;10004;2;10005;28;;;10000.0;420.0
-1;38600;KELP;2019;30;;;;;2022;30;;;;;2020.5;26.16748046875
-1;38700;KELP;2019;20;;;;;2022;20;;;;;2020.5;26.69091796875
-1;38700;RAINFOREST_RESIN;9995;20;;;;;10005;20;;;;;10000.0;421.0
-1;38800;KELP;2019;21;;;;;2020;2;2021;1;2022;21;2019.5;26.686279296875
-1;38800;RAINFOREST_RESIN;9996;1;9995;20;;;10002;1;10004;1;10005;20;9999.0;421.0
-1;38900;RAINFOREST_RESIN;9996;2;9995;30;;;10004;2;10005;30;;;10000.0;437.0
-1;38900;KELP;2019;32;;;;;2021;7;2022;2;2023;30;2020.0;26.403564453125
-1;39000;RAINFOREST_RESIN;9995;23;;;;;10002;9;10005;23;;;9998.5;437.0
-1;39000;KELP;2019;23;;;;;2023;23;;;;;2021.0;26.00830078125
-1;39100;KELP;2020;25;;;;;2023;25;;;;;2021.5;25.093505859375
-1;39100;RAINFOREST_RESIN;9998;8;9996;1;9995;24;10004;1;10005;24;;;10001.0;437.0
-1;39200;KELP;2020;30;;;;;2022;2;2023;30;;;2021.0;24.88330078125
-1;39200;RAINFOREST_RESIN;9996;1;9995;29;;;10004;1;10005;29;;;10000.0;437.0
-1;39300;RAINFOREST_RESIN;9995;27;;;;;10005;27;;;;;10000.0;437.0
-1;39300;KELP;2020;27;;;;;2023;27;;;;;2021.5;24.58349609375
-1;39400;RAINFOREST_RESIN;9996;1;9995;30;;;10004;1;10005;30;;;10000.0;437.0
-1;39400;KELP;2020;31;;;;;2022;5;2023;31;;;2021.0;25.27783203125
-1;39500;KELP;2019;27;;;;;2021;3;2022;27;;;2020.0;26.883544921875
-1;39500;RAINFOREST_RESIN;9995;27;;;;;9998;1;10002;2;10005;27;9996.5;437.0
-1;39600;KELP;2021;4;2019;23;;;2023;23;;;;;2022.0;26.218017578125
-1;39600;RAINFOREST_RESIN;9995;23;;;;;10005;23;;;;;10000.0;439.0
-1;39700;RAINFOREST_RESIN;9996;2;9995;22;;;10004;2;10005;22;;;10000.0;439.0
-1;39700;KELP;2019;28;;;;;2022;2;2023;22;;;2020.5;26.3916015625
-1;39800;RAINFOREST_RESIN;9996;1;9995;27;;;10004;1;10005;27;;;10000.0;439.0
-1;39800;KELP;2019;28;;;;;2022;1;2023;27;;;2020.5;26.404296875
-1;39900;KELP;2019;31;;;;;2022;31;;;;;2020.5;26.949951171875
-1;39900;RAINFOREST_RESIN;9996;1;9995;30;;;10002;4;10004;1;10005;30;9999.0;439.0
-1;40000;KELP;2018;22;;;;;2022;22;;;;;2020.0;27.625244140625
-1;40000;RAINFOREST_RESIN;9995;22;;;;;10005;22;;;;;10000.0;439.0
-1;40100;RAINFOREST_RESIN;9996;2;9995;29;;;10002;8;10004;2;10005;29;9999.0;439.0
-1;40100;KELP;2019;31;;;;;2022;31;;;;;2020.5;26.9794921875
-1;40200;RAINFOREST_RESIN;9996;1;9995;28;;;10004;1;10005;28;;;10000.0;439.0
-1;40200;KELP;2019;1;2018;28;;;2022;29;;;;;2020.5;27.659912109375
-1;40300;KELP;2019;22;;;;;2022;22;;;;;2020.5;27.383056640625
-1;40300;RAINFOREST_RESIN;9995;22;;;;;9998;1;10005;22;;;9996.5;439.0
-1;40400;KELP;2018;24;;;;;2022;24;;;;;2020.0;27.878662109375
-1;40400;RAINFOREST_RESIN;9996;1;9995;23;;;10004;1;10005;23;;;10000.0;441.0
-1;40500;RAINFOREST_RESIN;10002;1;9996;2;9995;27;10004;2;10005;27;;;10003.0;441.0
-1;40500;KELP;2019;1;2018;27;;;2022;29;;;;;2020.5;27.73388671875
-1;40600;RAINFOREST_RESIN;9996;2;9995;24;;;10004;2;10005;24;;;10000.0;443.0
-1;40600;KELP;2019;4;2018;26;;;2022;26;;;;;2020.5;28.005126953125
-1;40700;KELP;2018;22;;;;;2021;22;;;;;2019.5;29.13134765625
-1;40700;RAINFOREST_RESIN;9998;7;9996;2;9995;20;10004;2;10005;20;;;10001.0;443.0
-1;40800;KELP;2018;27;;;;;2021;27;;;;;2019.5;28.66650390625
-1;40800;RAINFOREST_RESIN;9995;27;;;;;10005;27;;;;;10000.0;443.0
-1;40900;RAINFOREST_RESIN;9998;10;9996;2;9995;26;10004;2;10005;26;;;10001.0;443.0
-1;40900;KELP;2017;28;;;;;2021;28;;;;;2019.0;29.849853515625
-1;41000;RAINFOREST_RESIN;9995;21;;;;;10002;10;10005;21;;;9998.5;453.0
-1;41000;KELP;2018;20;;;;;2020;3;2021;21;;;2019.0;28.80712890625
-1;41100;KELP;2018;24;;;;;2021;27;;;;;2019.5;28.90283203125
-1;41100;RAINFOREST_RESIN;9995;27;;;;;10005;27;;;;;10000.0;453.0
-1;41200;KELP;2018;29;;;;;2021;29;;;;;2019.5;28.931884765625
-1;41200;RAINFOREST_RESIN;9995;29;;;;;10005;29;;;;;10000.0;453.0
-1;41300;RAINFOREST_RESIN;9998;2;9996;1;9995;24;10004;1;10005;24;;;10001.0;453.0
-1;41300;KELP;2017;25;;;;;2019;4;2021;25;;;2018.0;29.989501953125
-1;41400;RAINFOREST_RESIN;9998;5;9996;2;9995;23;10000;4;10004;2;10005;23;9999.0;453.0
-1;41400;KELP;2017;25;;;;;2018;4;2019;5;2020;25;2017.5;31.38525390625
-1;41500;KELP;2017;22;;;;;2019;1;2021;22;;;2018.0;30.148681640625
-1;41500;RAINFOREST_RESIN;9998;8;9996;2;9995;20;10004;2;10005;20;;;10001.0;453.0
-1;41600;KELP;2017;23;;;;;2019;7;2020;1;2021;22;2018.0;30.2900390625
-1;41600;RAINFOREST_RESIN;9996;1;9995;22;;;10004;1;10005;22;;;10000.0;453.0
-1;41700;RAINFOREST_RESIN;10000;5;9995;21;;;10005;21;;;;;10002.5;453.0
-1;41700;KELP;2019;4;2017;21;;;2021;21;;;;;2020.0;29.91845703125
-1;41800;RAINFOREST_RESIN;9996;2;9995;22;;;10004;2;10005;22;;;10000.0;453.0
-1;41800;KELP;2018;24;;;;;2021;24;;;;;2019.5;29.0830078125
-1;41900;KELP;2018;22;;;;;2020;1;2021;22;;;2019.0;28.982177734375
-1;41900;RAINFOREST_RESIN;9996;1;9995;21;;;9998;4;10004;1;10005;21;9997.0;453.0
-1;42000;KELP;2018;31;;;;;2020;5;2021;32;;;2019.0;28.615478515625
-1;42000;RAINFOREST_RESIN;9996;2;9995;30;;;10004;2;10005;30;;;10000.0;461.0
-1;42100;RAINFOREST_RESIN;9998;8;9996;2;9995;21;10004;2;10005;21;;;10001.0;461.0
-1;42100;KELP;2018;23;;;;;2021;2;2022;21;;;2019.5;28.35791015625
-1;42200;RAINFOREST_RESIN;10002;1;9995;28;;;10005;28;;;;;10003.5;461.0
-1;42200;KELP;2018;28;;;;;2022;28;;;;;2020.0;28.2666015625
-1;42300;KELP;2018;20;;;;;2019;7;2020;2;2022;20;2018.5;28.16650390625
-1;42300;RAINFOREST_RESIN;9995;20;;;;;10005;20;;;;;10000.0;463.0
-1;42400;KELP;2019;30;;;;;2022;31;;;;;2020.5;27.45947265625
-1;42400;RAINFOREST_RESIN;9996;2;9995;29;;;10004;2;10005;29;;;10000.0;463.0
-1;42500;RAINFOREST_RESIN;9995;24;;;;;10002;3;10005;24;;;9998.5;463.0
-1;42500;KELP;2019;24;;;;;2022;24;;;;;2020.5;27.5146484375
-1;42600;RAINFOREST_RESIN;9995;26;;;;;10005;26;;;;;10000.0;482.0
-1;42600;KELP;2019;26;;;;;2022;26;;;;;2020.5;27.31689453125
-1;42700;KELP;2018;26;;;;;2022;26;;;;;2020.0;27.968017578125
-1;42700;RAINFOREST_RESIN;9995;26;;;;;10005;26;;;;;10000.0;484.0
-1;42800;KELP;2019;30;;;;;2022;30;;;;;2020.5;27.48095703125
-1;42800;RAINFOREST_RESIN;9995;30;;;;;10005;30;;;;;10000.0;484.0
-1;42900;RAINFOREST_RESIN;9995;25;;;;;10005;25;;;;;10000.0;484.0
-1;42900;KELP;2019;25;;;;;2022;25;;;;;2020.5;27.02001953125
-1;43000;RAINFOREST_RESIN;9995;23;;;;;10005;23;;;;;10000.0;486.0
-1;43000;KELP;2020;2;2019;23;;;2023;23;;;;;2021.5;26.046142578125
-1;43100;KELP;2020;21;;;;;2023;21;;;;;2021.5;25.33056640625
-1;43100;RAINFOREST_RESIN;9995;21;;;;;10005;21;;;;;10000.0;486.0
-1;43200;KELP;2019;21;;;;;2023;21;;;;;2021.0;25.830078125
-1;43200;RAINFOREST_RESIN;9996;1;9995;20;;;10004;1;10005;20;;;10000.0;486.0
-1;43300;RAINFOREST_RESIN;9996;1;9995;24;;;10004;1;10005;24;;;10000.0;486.0
-1;43300;KELP;2019;25;;;;;2021;2;2023;25;;;2020.0;25.84130859375
-1;43400;RAINFOREST_RESIN;9996;2;9995;22;;;10004;2;10005;22;;;10000.0;486.0
-1;43400;KELP;2021;4;2020;24;;;2023;24;;;;;2022.0;25.556396484375
-1;43500;KELP;2020;22;;;;;2022;7;2023;23;;;2021.0;25.413818359375
-1;43500;RAINFOREST_RESIN;9998;7;9995;23;;;10005;23;;;;;10001.5;486.0
-1;43600;KELP;2020;5;2019;21;;;2023;23;;;;;2021.5;25.666259765625
-1;43600;RAINFOREST_RESIN;9996;2;9995;21;;;10002;9;10004;2;10005;21;9999.0;486.0
-1;43700;KELP;2020;24;;;;;2023;24;;;;;2021.5;25.48095703125
-1;43700;RAINFOREST_RESIN;9996;1;9995;23;;;10004;1;10005;23;;;10000.0;486.0
-1;43800;RAINFOREST_RESIN;9996;2;9995;26;;;10004;2;10005;26;;;10000.0;486.0
-1;43800;KELP;2020;35;;;;;2023;28;;;;;2021.5;25.177734375
-1;43900;KELP;2020;36;;;;;2023;30;;;;;2021.5;25.544189453125
-1;43900;RAINFOREST_RESIN;10002;4;9998;2;9996;1;10004;1;10005;29;;;10003.0;486.0
-1;44000;RAINFOREST_RESIN;9996;2;9995;20;;;10004;2;10005;20;;;10000.0;494.0
-1;44000;KELP;2020;22;;;;;2022;3;2023;22;;;2021.0;25.14990234375
-1;44100;KELP;2019;24;;;;;2023;24;;;;;2021.0;26.132080078125
-1;44100;RAINFOREST_RESIN;9995;24;;;;;9998;1;10002;2;10005;24;9996.5;494.0
-1;44200;RAINFOREST_RESIN;9995;21;;;;;10005;21;;;;;10000.0;496.0
-1;44200;KELP;2019;21;;;;;2023;21;;;;;2021.0;26.228271484375
-1;44300;KELP;2019;27;;;;;2023;27;;;;;2021.0;26.09033203125
-1;44300;RAINFOREST_RESIN;9995;27;;;;;10005;27;;;;;10000.0;496.0
-1;44400;RAINFOREST_RESIN;9998;7;9995;28;;;10005;28;;;;;10001.5;496.0
-1;44400;KELP;2018;28;;;;;2022;28;;;;;2020.0;27.7294921875
-1;44500;KELP;2021;1;2019;2;2018;21;2022;21;;;;;2021.5;27.64453125
-1;44500;RAINFOREST_RESIN;9995;21;;;;;10005;21;;;;;10000.0;496.0
-1;44600;RAINFOREST_RESIN;9996;1;9995;23;;;10004;1;10005;23;;;10000.0;496.0
-1;44600;KELP;2019;24;;;;;2022;24;;;;;2020.5;27.283447265625
-1;44700;KELP;2019;29;;;;;2022;29;;;;;2020.5;27.376708984375
-1;44700;RAINFOREST_RESIN;9995;29;;;;;10002;10;10005;29;;;9998.5;496.0
-1;44800;RAINFOREST_RESIN;9995;29;;;;;9998;1;10002;10;10005;29;9996.5;496.0
-1;44800;KELP;2018;29;;;;;2022;29;;;;;2020.0;27.7783203125
-1;44900;KELP;2019;1;2018;26;;;2022;26;;;;;2020.5;27.92529296875
-1;44900;RAINFOREST_RESIN;9996;1;9995;25;;;10004;1;10005;25;;;10000.0;498.0
-1;45000;RAINFOREST_RESIN;10002;1;9996;2;9995;24;10004;2;10005;24;;;10003.0;498.0
-1;45000;KELP;2018;26;;;;;2022;26;;;;;2020.0;27.885986328125
-1;45100;KELP;2019;27;;;;;2021;5;2022;27;;;2020.0;27.45166015625
-1;45100;RAINFOREST_RESIN;9996;1;9995;26;;;10004;1;10005;26;;;10000.0;500.0
-1;45200;RAINFOREST_RESIN;9996;1;9995;28;;;10004;1;10005;28;;;10000.0;500.0
-1;45200;KELP;2019;29;;;;;2021;6;2022;29;;;2020.0;27.54150390625
-1;45300;KELP;2018;26;;;;;2021;22;;;;;2019.5;28.54541015625
-1;45300;RAINFOREST_RESIN;9995;22;;;;;10005;22;;;;;10000.0;500.0
-1;45400;RAINFOREST_RESIN;9996;2;9995;21;;;9998;1;10004;2;10005;21;9997.0;500.0
-1;45400;KELP;2018;22;;;;;2020;2;2021;23;;;2019.0;29.1474609375
-1;45500;KELP;2018;25;;;;;2019;3;2021;25;;;2018.5;28.97412109375
-1;45500;RAINFOREST_RESIN;9996;1;9995;24;;;10000;3;10004;1;10005;24;9998.0;502.0
-1;45600;RAINFOREST_RESIN;9995;26;;;;;10002;5;10005;26;;;9998.5;502.0
-1;45600;KELP;2018;33;;;;;2021;26;;;;;2019.5;28.77734375
-1;45700;KELP;2018;24;;;;;2021;24;;;;;2019.5;28.75048828125
-1;45700;RAINFOREST_RESIN;9995;24;;;;;10005;24;;;;;10000.0;502.0
-1;45800;RAINFOREST_RESIN;9996;1;9995;27;;;10004;1;10005;27;;;10000.0;502.0
-1;45800;KELP;2018;27;;;;;2021;28;;;;;2019.5;28.622314453125
-1;45900;KELP;2019;4;2018;31;;;2022;31;;;;;2020.5;28.07275390625
-1;45900;RAINFOREST_RESIN;9996;1;9995;30;;;10004;1;10005;30;;;10000.0;502.0
-1;46000;RAINFOREST_RESIN;9996;2;9995;24;;;10004;2;10005;24;;;10000.0;504.0
-1;46000;KELP;2019;2;2018;24;;;2022;26;;;;;2020.5;29.19580078125
-1;46100;KELP;2019;25;;;;;2022;25;;;;;2020.5;28.86279296875
-1;46100;RAINFOREST_RESIN;9998;6;9996;2;9995;23;10004;2;10005;23;;;10001.0;504.0
-1;46200;RAINFOREST_RESIN;9998;2;9996;1;9995;27;10004;1;10005;27;;;10001.0;504.0
-1;46200;KELP;2018;28;;;;;2021;1;2022;27;;;2019.5;30.56201171875
-1;46300;KELP;2018;29;;;;;2021;29;;;;;2019.5;31.5283203125
-1;46300;RAINFOREST_RESIN;9996;2;9995;27;;;10004;2;10005;27;;;10000.0;504.0
-1;46400;RAINFOREST_RESIN;9995;22;;;;;10005;22;;;;;10000.0;504.0
-1;46400;KELP;2018;22;;;;;2022;22;;;;;2020.0;30.66015625
-1;46500;KELP;2019;6;2018;31;;;2021;31;;;;;2020.0;30.88818359375
-1;46500;RAINFOREST_RESIN;10000;6;9996;1;9995;30;10004;1;10005;30;;;10002.0;504.0
-1;46600;KELP;2019;3;2018;28;;;2021;1;2022;27;;;2020.0;30.53173828125
-1;46600;RAINFOREST_RESIN;9998;10;9996;1;9995;27;10004;1;10005;27;;;10001.0;504.0
-1;46700;RAINFOREST_RESIN;9995;26;;;;;10005;26;;;;;10000.0;506.0
-1;46700;KELP;2019;26;;;;;2022;26;;;;;2020.5;29.01513671875
-1;46800;RAINFOREST_RESIN;9996;1;9995;21;;;10004;1;10005;21;;;10000.0;506.0
-1;46800;KELP;2019;22;;;;;2022;22;;;;;2020.5;28.02294921875
-1;46900;KELP;2021;1;2019;32;;;2022;32;;;;;2021.5;28.91015625
-1;46900;RAINFOREST_RESIN;9996;2;9995;30;;;10004;2;10005;30;;;10000.0;506.0
-1;47000;KELP;2019;21;;;;;2022;21;;;;;2020.5;28.61376953125
-1;47000;RAINFOREST_RESIN;9996;1;9995;20;;;10004;1;10005;20;;;10000.0;506.0
-1;47100;RAINFOREST_RESIN;9996;2;9995;24;;;9998;1;10004;2;10005;24;9997.0;506.0
-1;47100;KELP;2019;22;;;;;2022;26;;;;;2020.5;28.90625
-1;47200;RAINFOREST_RESIN;10002;1;9996;2;9995;28;10004;2;10005;28;;;10003.0;508.0
-1;47200;KELP;2019;30;;;;;2022;30;;;;;2020.5;28.79541015625
-1;47300;KELP;2019;25;;;;;2021;1;2022;25;;;2020.0;28.4765625
-1;47300;RAINFOREST_RESIN;10002;1;9998;3;9995;25;10005;25;;;;;10003.5;510.0
-1;47400;KELP;2019;25;;;;;2022;24;;;;;2020.5;27.69580078125
-1;47400;RAINFOREST_RESIN;9995;24;;;;;10002;9;10005;24;;;9998.5;512.0
-1;47500;RAINFOREST_RESIN;9995;30;;;;;10002;1;10005;30;;;9998.5;512.0
-1;47500;KELP;2019;30;;;;;2021;6;2022;30;;;2020.0;27.78515625
-1;47600;RAINFOREST_RESIN;9996;1;9995;27;;;10004;1;10005;27;;;10000.0;512.0
-1;47600;KELP;2019;28;;;;;2022;28;;;;;2020.5;27.09326171875
-1;47700;KELP;2019;23;;;;;2022;23;;;;;2020.5;26.93359375
-1;47700;RAINFOREST_RESIN;9996;1;9995;22;;;10002;8;10004;1;10005;22;9999.0;512.0
-1;47800;KELP;2019;23;;;;;2022;1;2023;22;;;2020.5;26.7275390625
-1;47800;RAINFOREST_RESIN;9996;1;9995;22;;;10002;8;10004;1;10005;22;9999.0;512.0
-1;47900;RAINFOREST_RESIN;10002;1;9995;27;;;10005;27;;;;;10003.5;512.0
-1;47900;KELP;2019;27;;;;;2023;27;;;;;2021.0;26.65869140625
-1;48000;RAINFOREST_RESIN;9995;27;;;;;10005;27;;;;;10000.0;514.0
-1;48000;KELP;2019;27;;;;;2023;27;;;;;2021.0;26.734375
-1;48100;KELP;2019;22;;;;;2022;21;;;;;2020.5;27.45556640625
-1;48100;RAINFOREST_RESIN;9995;21;;;;;10002;9;10005;21;;;9998.5;514.0
-1;48200;KELP;2019;25;;;;;2022;25;;;;;2020.5;28.83837890625
-1;48200;RAINFOREST_RESIN;9998;5;9995;25;;;10005;25;;;;;10001.5;518.0
-1;48300;RAINFOREST_RESIN;9996;1;9995;28;;;9998;1;10000;5;10004;1;9997.0;518.0
-1;48300;KELP;2018;29;;;;;2019;5;2022;29;;;2018.5;30.17578125
-1;48400;RAINFOREST_RESIN;9995;27;;;;;10002;7;10005;27;;;9998.5;520.0
-1;48400;KELP;2019;1;2018;27;;;2022;27;;;;;2020.5;35.13916015625
-1;48500;KELP;2019;1;2018;29;;;2022;29;;;;;2020.5;34.982421875
-1;48500;RAINFOREST_RESIN;9995;29;;;;;9998;1;10005;29;;;9996.5;520.0
-1;48600;KELP;2019;1;2018;29;;;2022;29;;;;;2020.5;35.03564453125
-1;48600;RAINFOREST_RESIN;9996;1;9995;28;;;10004;1;10005;28;;;10000.0;522.0
-1;48700;RAINFOREST_RESIN;9996;1;9995;22;;;10004;1;10005;22;;;10000.0;523.0
-1;48700;KELP;2018;23;;;;;2022;23;;;;;2020.0;34.84326171875
-1;48800;RAINFOREST_RESIN;9996;1;9995;23;;;10004;1;10005;23;;;10000.0;523.0
-1;48800;KELP;2019;29;;;;;2022;24;;;;;2020.5;35.72705078125
-1;48900;KELP;2019;34;;;;;2022;27;;;;;2020.5;36.06787109375
-1;48900;RAINFOREST_RESIN;9995;27;;;;;10005;27;;;;;10000.0;523.0
-1;49000;KELP;2019;39;;;;;2022;32;;;;;2020.5;35.7958984375
-1;49000;RAINFOREST_RESIN;9996;2;9995;30;;;10004;2;10005;30;;;10000.0;523.0
-1;49100;RAINFOREST_RESIN;9996;2;9995;30;;;10004;2;10005;30;;;10000.0;523.0
-1;49100;KELP;2019;40;;;;;2022;32;;;;;2020.5;36.62939453125
-1;49200;RAINFOREST_RESIN;9996;1;9995;20;;;10004;1;10005;20;;;10000.0;523.0
-1;49200;KELP;2019;21;;;;;2022;21;;;;;2020.5;35.9609375
-1;49300;KELP;2019;21;;;;;2022;22;;;;;2020.5;39.111328125
-1;49300;RAINFOREST_RESIN;9998;9;9996;1;9995;21;10004;1;10005;21;;;10001.0;523.0
-1;49400;KELP;2021;9;2020;5;2019;20;2022;20;;;;;2021.5;39.383056640625
-1;49400;RAINFOREST_RESIN;9995;20;;;;;10005;20;;;;;10000.0;523.0
-1;49500;RAINFOREST_RESIN;9996;2;9995;30;;;10004;2;10005;30;;;10000.0;523.0
-1;49500;KELP;2019;40;;;;;2022;32;;;;;2020.5;39.015869140625
-1;49600;RAINFOREST_RESIN;9995;24;;;;;10005;24;;;;;10000.0;523.0
-1;49600;KELP;2021;1;2019;24;;;2022;24;;;;;2021.5;38.686279296875
-1;49700;KELP;2019;28;;;;;2022;28;;;;;2020.5;38.784423828125
-1;49700;RAINFOREST_RESIN;9998;7;9996;2;9995;26;10004;2;10005;26;;;10001.0;523.0
-1;49800;KELP;2019;25;;;;;2020;5;2023;25;;;2019.5;37.862548828125
-1;49800;RAINFOREST_RESIN;9996;2;9995;23;;;10004;2;10005;23;;;10000.0;523.0
-1;49900;RAINFOREST_RESIN;9998;3;9995;23;;;10005;23;;;;;10001.5;523.0
-1;49900;KELP;2019;23;;;;;2023;23;;;;;2021.0;38.084716796875
-1;50000;RAINFOREST_RESIN;9996;1;9995;20;;;10004;1;10005;20;;;10000.0;525.0
-1;50000;KELP;2019;21;;;;;2022;1;2023;20;;;2020.5;40.59619140625
-1;50100;KELP;2019;24;;;;;2021;2;2022;24;;;2020.0;41.11181640625
-1;50100;RAINFOREST_RESIN;9995;24;;;;;10005;24;;;;;10000.0;525.0
-1;50200;KELP;2019;24;;;;;2023;24;;;;;2021.0;39.89990234375
-1;50200;RAINFOREST_RESIN;9995;24;;;;;10005;24;;;;;10000.0;525.0
-1;50300;RAINFOREST_RESIN;9995;30;;;;;10002;10;10005;30;;;9998.5;525.0
-1;50300;KELP;2019;30;;;;;2023;30;;;;;2021.0;39.5283203125
-1;50400;RAINFOREST_RESIN;9998;4;9996;1;9995;22;10000;2;10004;1;10005;22;9999.0;525.0
-1;50400;KELP;2019;23;;;;;2021;3;2023;23;;;2020.0;39.60400390625
-1;50500;KELP;2019;25;;;;;2023;25;;;;;2021.0;39.74072265625
-1;50500;RAINFOREST_RESIN;9996;2;9995;23;;;10004;2;10005;23;;;10000.0;525.0
-1;50600;KELP;2019;21;;;;;2020;6;2023;23;;;2019.5;39.4306640625
-1;50600;RAINFOREST_RESIN;10002;1;9996;2;9995;21;10004;2;10005;21;;;10003.0;525.0
-1;50700;RAINFOREST_RESIN;9996;2;9995;22;;;10004;2;10005;22;;;10000.0;528.0
-1;50700;KELP;2020;24;;;;;2023;24;;;;;2021.5;39.1376953125
-1;50800;RAINFOREST_RESIN;10002;5;9996;2;9995;22;10004;2;10005;22;;;10003.0;528.0
-1;50800;KELP;2022;1;2020;24;;;2023;24;;;;;2022.5;38.57763671875
-1;50900;KELP;2020;28;;;;;2022;4;2023;28;;;2021.0;38.3251953125
-1;50900;RAINFOREST_RESIN;9996;1;9995;27;;;10004;1;10005;27;;;10000.0;538.0
-1;51000;KELP;2020;28;;;;;2023;28;;;;;2021.5;38.68310546875
-1;51000;RAINFOREST_RESIN;9996;2;9995;26;;;10004;2;10005;26;;;10000.0;538.0
-1;51100;RAINFOREST_RESIN;9998;6;9996;1;9995;25;10004;1;10005;25;;;10001.0;538.0
-1;51100;KELP;2020;26;;;;;2023;26;;;;;2021.5;37.9169921875
-1;51200;RAINFOREST_RESIN;9996;2;9995;28;;;10004;2;10005;28;;;10000.0;538.0
-1;51200;KELP;2020;30;;;;;2023;30;;;;;2021.5;38.40869140625
-1;51300;KELP;2020;25;;;;;2023;25;;;;;2021.5;37.0126953125
-1;51300;RAINFOREST_RESIN;9996;1;9995;24;;;10004;1;10005;24;;;10000.0;538.0
-1;51400;KELP;2020;30;;;;;2023;30;;;;;2021.5;40.5452880859375
-1;51400;RAINFOREST_RESIN;9995;30;;;;;10002;3;10005;30;;;9998.5;538.0
-1;51500;RAINFOREST_RESIN;9995;30;;;;;10005;30;;;;;10000.0;538.0
-1;51500;KELP;2022;1;2020;30;;;2023;30;;;;;2022.5;40.522216796875
-1;51600;RAINFOREST_RESIN;10000;5;9996;2;9995;22;10002;1;10004;2;10005;22;10001.0;538.0
-1;51600;KELP;2021;5;2020;24;;;2023;24;;;;;2022.0;40.5714111328125
-1;51700;KELP;2020;16;;;;;2023;20;;;;;2021.5;40.418701171875
-1;51700;RAINFOREST_RESIN;9995;20;;;;;10005;20;;;;;10000.0;540.0
-1;51800;KELP;2020;1;2019;24;;;2023;25;;;;;2021.5;40.2049560546875
-1;51800;RAINFOREST_RESIN;9996;1;9995;24;;;10004;1;10005;24;;;10000.0;550.0
-1;51900;RAINFOREST_RESIN;9996;1;9995;23;;;10004;1;10005;23;;;10000.0;550.0
-1;51900;KELP;2021;4;2019;24;;;2023;24;;;;;2022.0;40.0120849609375
-1;52000;RAINFOREST_RESIN;9998;3;9995;29;;;10005;29;;;;;10001.5;555.0
-1;52000;KELP;2019;29;;;;;2021;6;2023;29;;;2020.0;40.122802734375
-1;52100;KELP;2019;21;;;;;2023;21;;;;;2021.0;40.14306640625
-1;52100;RAINFOREST_RESIN;9995;21;;;;;10005;21;;;;;10000.0;555.0
-1;52200;KELP;2019;31;;;;;2023;31;;;;;2021.0;39.9715576171875
-1;52200;RAINFOREST_RESIN;9996;2;9995;29;;;10004;2;10005;29;;;10000.0;563.0
-1;52300;RAINFOREST_RESIN;10002;1;9996;1;9995;27;10004;1;10005;27;;;10003.0;563.0
-1;52300;KELP;2022;1;2019;28;;;2023;28;;;;;2022.5;40.07080078125
-1;52400;RAINFOREST_RESIN;9998;3;9996;1;9995;29;10004;1;10005;29;;;10001.0;565.0
-1;52400;KELP;2020;30;;;;;2023;30;;;;;2021.5;40.508544921875
-1;52500;KELP;2022;1;2020;28;;;2023;28;;;;;2022.5;40.4537353515625
-1;52500;RAINFOREST_RESIN;9996;1;9995;27;;;9998;1;10004;1;10005;27;9997.0;565.0
-1;52600;RAINFOREST_RESIN;9998;1;9996;1;9995;22;10000;4;10004;1;10005;22;9999.0;567.0
-1;52600;KELP;2020;1;2019;22;;;2021;4;2023;23;;;2020.5;40.1131591796875
-1;52700;KELP;2019;26;;;;;2023;27;;;;;2021.0;39.9593505859375
-1;52700;RAINFOREST_RESIN;9996;2;9995;25;;;10004;2;10005;25;;;10000.0;567.0
-1;52800;RAINFOREST_RESIN;9995;26;;;;;10005;26;;;;;10000.0;567.0
-1;52800;KELP;2019;26;;;;;2023;26;;;;;2021.0;40.204833984375
-1;52900;KELP;2020;30;;;;;2023;30;;;;;2021.5;40.2374267578125
-1;52900;RAINFOREST_RESIN;9995;30;;;;;10005;30;;;;;10000.0;567.0
-1;53000;RAINFOREST_RESIN;10002;1;9996;1;9995;20;10004;1;10005;20;;;10003.0;567.0
-1;53000;KELP;2020;21;;;;;2023;21;;;;;2021.5;40.3978271484375
-1;53100;KELP;2019;24;;;;;2023;24;;;;;2021.0;40.04736328125
-1;53100;RAINFOREST_RESIN;9995;24;;;;;10005;24;;;;;10000.0;569.0
-1;53200;RAINFOREST_RESIN;9996;1;9995;30;;;10004;1;10005;30;;;10000.0;569.0
-1;53200;KELP;2022;1;2019;31;;;2023;31;;;;;2022.5;40.0916748046875
-1;53300;KELP;2020;29;;;;;2023;29;;;;;2021.5;40.2462158203125
-1;53300;RAINFOREST_RESIN;9995;29;;;;;10005;29;;;;;10000.0;569.0
-1;53400;RAINFOREST_RESIN;9998;6;9996;2;9995;23;10004;2;10005;23;;;10001.0;569.0
-1;53400;KELP;2020;25;;;;;2023;25;;;;;2021.5;40.4691162109375
-1;53500;KELP;2020;23;;;;;2023;23;;;;;2021.5;40.3519287109375
-1;53500;RAINFOREST_RESIN;9996;2;9995;21;;;10002;1;10004;2;10005;21;9999.0;569.0
-1;53600;RAINFOREST_RESIN;9995;24;;;;;9998;9;10005;24;;;9996.5;569.0
-1;53600;KELP;2020;24;;;;;2023;24;;;;;2021.5;40.2330322265625
-1;53700;KELP;2019;30;;;;;2023;30;;;;;2021.0;40.1165771484375
-1;53700;RAINFOREST_RESIN;9998;1;9995;30;;;10005;30;;;;;10001.5;587.0
-1;53800;RAINFOREST_RESIN;10002;3;9995;30;;;10005;30;;;;;10003.5;587.0
-1;53800;KELP;2019;30;;;;;2023;30;;;;;2021.0;40.0958251953125
-1;53900;KELP;2019;27;;;;;2023;27;;;;;2021.0;40.0355224609375
-1;53900;RAINFOREST_RESIN;9996;2;9995;25;;;10004;2;10005;25;;;10000.0;593.0
-1;54000;RAINFOREST_RESIN;9998;6;9996;1;9995;30;10004;1;10005;30;;;10001.0;593.0
-1;54000;KELP;2020;31;;;;;2022;1;2023;31;;;2021.0;40.3927001953125
-1;54100;KELP;2020;24;;;;;2022;2;2023;24;;;2021.0;40.3529052734375
-1;54100;RAINFOREST_RESIN;9998;2;9996;2;9995;22;10004;2;10005;22;;;10001.0;593.0
-1;54200;RAINFOREST_RESIN;9995;28;;;;;10005;28;;;;;10000.0;593.0
-1;54200;KELP;2020;28;;;;;2023;28;;;;;2021.5;40.324951171875
-1;54300;KELP;2022;1;2019;25;;;2023;25;;;;;2022.5;39.991943359375
-1;54300;RAINFOREST_RESIN;9996;2;9995;23;;;10004;2;10005;23;;;10000.0;593.0
-1;54400;RAINFOREST_RESIN;9995;29;;;;;10005;29;;;;;10000.0;595.0
-1;54400;KELP;2019;29;;;;;2022;29;;;;;2020.5;39.7601318359375
-1;54500;KELP;2019;21;;;;;2022;21;;;;;2020.5;39.6639404296875
-1;54500;RAINFOREST_RESIN;9996;1;9995;20;;;10004;1;10005;20;;;10000.0;595.0
-1;54600;RAINFOREST_RESIN;10002;3;9995;27;;;10005;27;;;;;10003.5;595.0
-1;54600;KELP;2019;27;;;;;2023;27;;;;;2021.0;39.7939453125
-1;54700;KELP;2019;29;;;;;2020;4;2022;29;;;2019.5;39.755859375
-1;54700;RAINFOREST_RESIN;9996;2;9995;27;;;10004;2;10005;27;;;10000.0;601.0
-1;54800;RAINFOREST_RESIN;9998;8;9995;27;;;10005;27;;;;;10001.5;601.0
-1;54800;KELP;2019;27;;;;;2021;1;2022;27;;;2020.0;39.7220458984375
-1;54900;KELP;2019;29;;;;;2022;29;;;;;2020.5;39.669921875
-1;54900;RAINFOREST_RESIN;9996;1;9995;28;;;10002;3;10004;1;10005;28;9999.0;601.0
-1;55000;RAINFOREST_RESIN;9996;2;9995;28;;;10002;8;10004;2;10005;28;9999.0;601.0
-1;55000;KELP;2019;36;;;;;2022;30;;;;;2020.5;39.44677734375
-1;55100;KELP;2019;37;;;;;2022;29;;;;;2020.5;39.293701171875
-1;55100;RAINFOREST_RESIN;9995;29;;;;;10005;29;;;;;10000.0;601.0
-1;55200;RAINFOREST_RESIN;9996;2;9995;21;;;10004;2;10005;21;;;10000.0;603.0
-1;55200;KELP;2018;21;;;;;2019;3;2020;8;2022;23;2018.5;39.1605224609375
-1;55300;RAINFOREST_RESIN;9996;2;9995;27;;;9998;1;10002;2;10004;2;9997.0;603.0
-1;55300;KELP;2018;29;;;;;2022;29;;;;;2020.0;42.27490234375
-1;55400;RAINFOREST_RESIN;9998;3;9996;1;9995;21;10004;1;10005;21;;;10001.0;605.0
-1;55400;KELP;2019;2;2018;22;;;2022;22;;;;;2020.5;42.39697265625
-1;55500;KELP;2021;1;2019;4;2018;25;2022;25;;;;;2021.5;42.6953125
-1;55500;RAINFOREST_RESIN;9995;25;;;;;10002;9;10005;25;;;9998.5;605.0
-1;55600;KELP;2019;3;2018;26;;;2022;26;;;;;2020.5;42.49658203125
-1;55600;RAINFOREST_RESIN;9995;26;;;;;10005;26;;;;;10000.0;605.0
-1;55700;RAINFOREST_RESIN;9996;2;9995;21;;;10004;2;10005;21;;;10000.0;605.0
-1;55700;KELP;2019;25;;;;;2022;23;;;;;2020.5;42.85693359375
-1;55800;RAINFOREST_RESIN;9998;6;9996;1;9995;26;10004;1;10005;26;;;10001.0;606.0
-1;55800;KELP;2018;27;;;;;2022;27;;;;;2020.0;42.41064453125
-1;55900;KELP;2018;22;;;;;2022;22;;;;;2020.0;41.6630859375
-1;55900;RAINFOREST_RESIN;9995;22;;;;;10005;22;;;;;10000.0;606.0
-1;56000;KELP;2018;24;;;;;2019;3;2021;2;2022;22;2018.5;41.3037109375
-1;56000;RAINFOREST_RESIN;9996;2;9995;22;;;10002;10;10004;2;10005;22;9999.0;606.0
-1;56100;RAINFOREST_RESIN;9996;2;9995;20;;;10004;2;10005;20;;;10000.0;606.0
-1;56100;KELP;2019;22;;;;;2022;22;;;;;2020.5;43.32177734375
-1;56200;RAINFOREST_RESIN;9996;1;9995;29;;;10004;1;10005;29;;;10000.0;606.0
-1;56200;KELP;2020;2;2018;30;;;2022;30;;;;;2021.0;41.8980712890625
-1;56300;KELP;2019;6;2018;27;;;2022;27;;;;;2020.5;41.92431640625
-1;56300;RAINFOREST_RESIN;10002;1;9996;2;9995;25;10004;2;10005;25;;;10003.0;606.0
-1;56400;KELP;2018;31;;;;;2022;31;;;;;2020.0;41.9656982421875
-1;56400;RAINFOREST_RESIN;9996;1;9995;30;;;10004;1;10005;30;;;10000.0;608.0
-1;56500;RAINFOREST_RESIN;9996;2;9995;27;;;10004;2;10005;27;;;10000.0;608.0
-1;56500;KELP;2018;29;;;;;2022;29;;;;;2020.0;41.99462890625
-1;56600;RAINFOREST_RESIN;9996;2;9995;29;;;10002;4;10004;2;10005;29;9999.0;608.0
-1;56600;KELP;2019;2;2018;29;;;2022;31;;;;;2020.5;41.8448486328125
-1;56700;KELP;2020;6;2018;26;;;2022;26;;;;;2021.0;42.04541015625
-1;56700;RAINFOREST_RESIN;9998;3;9996;2;9995;24;10000;2;10004;2;10005;24;9999.0;608.0
-1;56800;KELP;2018;24;;;;;2021;2;2022;22;;;2019.5;42.150146484375
-1;56800;RAINFOREST_RESIN;10002;1;9998;10;9996;2;10004;2;10005;22;;;10003.0;608.0
-1;56900;RAINFOREST_RESIN;9996;2;9995;20;;;10004;2;10005;20;;;10000.0;610.0
-1;56900;KELP;2018;24;;;;;2021;22;;;;;2019.5;42.388671875
-1;57000;RAINFOREST_RESIN;9996;1;9995;27;;;10004;1;10005;27;;;10000.0;610.0
-1;57000;KELP;2018;28;;;;;2020;8;2021;28;;;2019.0;42.7210693359375
-1;57100;KELP;2017;27;;;;;2020;27;;;;;2018.5;43.2509765625
-1;57100;RAINFOREST_RESIN;9996;2;9995;25;;;10004;2;10005;25;;;10000.0;610.0
-1;57200;KELP;2019;1;2017;27;;;2020;27;;;;;2019.5;43.4073486328125
-1;57200;RAINFOREST_RESIN;10002;2;9996;1;9995;26;10004;1;10005;26;;;10003.0;610.0
-1;57300;RAINFOREST_RESIN;9996;1;9995;26;;;10002;9;10004;1;10005;26;9999.0;614.0
-1;57300;KELP;2017;27;;;;;2020;27;;;;;2018.5;43.3052978515625
-1;57400;RAINFOREST_RESIN;9995;24;;;;;10005;24;;;;;10000.0;614.0
-1;57400;KELP;2017;24;;;;;2019;2;2020;24;;;2018.0;43.3992919921875
-1;57500;KELP;2019;5;2017;30;;;2020;25;;;;;2019.5;43.3829345703125
-1;57500;RAINFOREST_RESIN;9998;5;9996;2;9995;23;10004;2;10005;23;;;10001.0;614.0
-1;57600;KELP;2017;24;;;;;2020;24;;;;;2018.5;43.306884765625
-1;57600;RAINFOREST_RESIN;9995;24;;;;;10005;24;;;;;10000.0;614.0
-1;57700;RAINFOREST_RESIN;9995;29;;;;;10005;29;;;;;10000.0;614.0
-1;57700;KELP;2017;29;;;;;2020;29;;;;;2018.5;43.32275390625
-1;57800;RAINFOREST_RESIN;9998;1;9996;2;9995;29;10004;2;10005;29;;;10001.0;614.0
-1;57800;KELP;2017;31;;;;;2020;2;2021;29;;;2018.5;43.11669921875
-1;57900;KELP;2017;27;;;;;2018;6;2019;5;2020;2;2017.5;43.1883544921875
-1;57900;RAINFOREST_RESIN;9996;2;9995;25;;;9998;1;10000;6;10004;2;9997.0;614.0
-1;58000;KELP;2017;29;;;;;2020;1;2021;24;;;2018.5;43.2021484375
-1;58000;RAINFOREST_RESIN;9996;1;9995;24;;;9998;4;10004;1;10005;24;9997.0;616.0
-1;58100;RAINFOREST_RESIN;9995;23;;;;;10005;23;;;;;10000.0;624.0
-1;58100;KELP;2017;23;;;;;2020;23;;;;;2018.5;43.509765625
-1;58200;RAINFOREST_RESIN;9996;1;9995;30;;;10004;1;10005;30;;;10000.0;627.0
-1;58200;KELP;2017;31;;;;;2020;31;;;;;2018.5;43.447265625
-1;58300;KELP;2017;29;;;;;2020;29;;;;;2018.5;43.49560546875
-1;58300;RAINFOREST_RESIN;9995;29;;;;;10005;29;;;;;10000.0;627.0
-1;58400;KELP;2016;23;;;;;2018;1;2019;23;;;2017.0;44.59130859375
-1;58400;RAINFOREST_RESIN;9996;2;9995;21;;;10004;2;10005;21;;;10000.0;627.0
-1;58500;RAINFOREST_RESIN;9995;21;;;;;10002;1;10005;21;;;9998.5;627.0
-1;58500;KELP;2016;21;;;;;2019;21;;;;;2017.5;45.943359375
-1;58600;RAINFOREST_RESIN;10002;1;9995;25;;;10005;25;;;;;10003.5;627.0
-1;58600;KELP;2015;25;;;;;2017;7;2019;25;;;2016.0;44.9169921875
-1;58700;KELP;2015;34;;;;;2018;32;;;;;2016.5;43.8427734375
-1;58700;RAINFOREST_RESIN;9996;2;9995;30;;;10004;2;10005;30;;;10000.0;629.0
-1;58800;KELP;2015;29;;;;;2019;29;;;;;2017.0;44.796875
-1;58800;RAINFOREST_RESIN;9995;29;;;;;10002;1;10005;29;;;9998.5;629.0
-1;58900;RAINFOREST_RESIN;9996;1;9995;24;;;10004;1;10005;24;;;10000.0;639.0
-1;58900;KELP;2015;25;;;;;2019;25;;;;;2017.0;45.3779296875
-1;59000;RAINFOREST_RESIN;9996;2;9995;20;;;10004;2;10005;20;;;10000.0;639.0
-1;59000;KELP;2016;22;;;;;2019;22;;;;;2017.5;46.5078125
-1;59100;KELP;2016;34;;;;;2019;27;;;;;2017.5;47.4326171875
-1;59100;RAINFOREST_RESIN;9995;27;;;;;10005;27;;;;;10000.0;639.0
-1;59200;KELP;2016;31;;;;;2020;31;;;;;2018.0;49.21630859375
-1;59200;RAINFOREST_RESIN;9998;4;9996;2;9995;29;10004;2;10005;29;;;10001.0;639.0
-1;59300;RAINFOREST_RESIN;9996;1;9995;26;;;10004;1;10005;26;;;10000.0;639.0
-1;59300;KELP;2016;26;;;;;2018;2;2019;27;;;2017.0;47.92578125
-1;59400;RAINFOREST_RESIN;9996;1;9995;21;;;10004;1;10005;21;;;10000.0;639.0
-1;59400;KELP;2015;22;;;;;2019;22;;;;;2017.0;46.25146484375
-1;59500;KELP;2015;23;;;;;2019;23;;;;;2017.0;46.5302734375
-1;59500;RAINFOREST_RESIN;10002;5;9995;23;;;10005;23;;;;;10003.5;639.0
-1;59600;KELP;2016;29;;;;;2019;29;;;;;2017.5;46.8798828125
-1;59600;RAINFOREST_RESIN;9996;2;9995;27;;;10004;2;10005;27;;;10000.0;649.0
-1;59700;RAINFOREST_RESIN;9995;21;;;;;10005;21;;;;;10000.0;649.0
-1;59700;KELP;2015;21;;;;;2018;21;;;;;2016.5;44.369140625
-1;59800;RAINFOREST_RESIN;9996;1;9995;24;;;10004;1;10005;24;;;10000.0;649.0
-1;59800;KELP;2015;25;;;;;2018;25;;;;;2016.5;44.7158203125
-1;59900;KELP;2015;24;;;;;2018;24;;;;;2016.5;44.345703125
-1;59900;RAINFOREST_RESIN;9996;1;9995;23;;;10002;6;10004;1;10005;23;9999.0;649.0
-1;60000;KELP;2015;22;;;;;2018;22;;;;;2016.5;44.6494140625
-1;60000;RAINFOREST_RESIN;9998;3;9995;22;;;10005;22;;;;;10001.5;649.0
-1;60100;RAINFOREST_RESIN;9996;2;9995;25;;;10004;2;10005;25;;;10000.0;650.0
-1;60100;KELP;2015;27;;;;;2018;27;;;;;2016.5;44.94140625
-1;60200;RAINFOREST_RESIN;9995;25;;;;;10005;25;;;;;10000.0;650.0
-1;60200;KELP;2016;3;2015;25;;;2018;25;;;;;2017.0;44.484130859375
-1;60300;KELP;2015;28;;;;;2018;28;;;;;2016.5;44.426513671875
-1;60300;RAINFOREST_RESIN;9996;1;9995;27;;;10004;1;10005;27;;;10000.0;658.0
-1;60400;KELP;2015;1;2014;20;;;2018;21;;;;;2016.5;44.23974609375
-1;60400;RAINFOREST_RESIN;9996;1;9995;20;;;9998;1;10004;1;10005;20;9997.0;658.0
-1;60500;RAINFOREST_RESIN;9996;1;9995;23;;;10004;1;10005;23;;;10000.0;660.0
-1;60500;KELP;2015;24;;;;;2018;24;;;;;2016.5;45.28857421875
-1;60600;RAINFOREST_RESIN;9996;2;9995;22;;;10004;2;10005;22;;;10000.0;660.0
-1;60600;KELP;2015;26;;;;;2018;24;;;;;2016.5;45.231201171875
-1;60700;KELP;2015;22;;;;;2017;5;2018;22;;;2016.0;45.215576171875
-1;60700;RAINFOREST_RESIN;9995;22;;;;;10005;22;;;;;10000.0;660.0
-1;60800;KELP;2015;31;;;;;2018;32;;;;;2016.5;45.242919921875
-1;60800;RAINFOREST_RESIN;10002;10;9996;2;9995;30;10004;2;10005;30;;;10003.0;660.0
-1;60900;RAINFOREST_RESIN;9996;2;9995;29;;;10004;2;10005;29;;;10000.0;680.0
-1;60900;KELP;2015;28;;;;;2017;4;2018;31;;;2016.0;44.7705078125
-1;61000;RAINFOREST_RESIN;9995;28;;;;;10005;28;;;;;10000.0;680.0
-1;61000;KELP;2015;28;;;;;2018;28;;;;;2016.5;45.031494140625
-1;61100;KELP;2015;29;;;;;2017;3;2018;29;;;2016.0;44.4521484375
-1;61100;RAINFOREST_RESIN;9995;29;;;;;10005;29;;;;;10000.0;680.0
-1;61200;KELP;2015;22;;;;;2016;2;2018;22;;;2015.5;44.944091796875
-1;61200;RAINFOREST_RESIN;9998;9;9996;1;9995;21;10000;2;10004;1;10005;21;9999.0;680.0
-1;61300;RAINFOREST_RESIN;9996;1;9995;22;;;10004;1;10005;22;;;10000.0;680.0
-1;61300;KELP;2015;23;;;;;2018;23;;;;;2016.5;45.474853515625
-1;61400;RAINFOREST_RESIN;9996;1;9995;30;;;10004;1;10005;30;;;10000.0;680.0
-1;61400;KELP;2015;31;;;;;2018;1;2019;30;;;2016.5;45.673095703125
-1;61500;KELP;2015;29;;;;;2018;29;;;;;2016.5;44.89794921875
-1;61500;RAINFOREST_RESIN;9996;2;9995;27;;;10004;2;10005;27;;;10000.0;680.0
-1;61600;RAINFOREST_RESIN;9996;2;9995;28;;;10004;2;10005;28;;;10000.0;680.0
-1;61600;KELP;2015;30;;;;;2017;5;2018;30;;;2016.0;44.472900390625
-1;61700;KELP;2014;26;;;;;2016;7;2017;27;;;2015.0;43.053466796875
-1;61700;RAINFOREST_RESIN;9996;1;9995;26;;;10004;1;10005;26;;;10000.0;680.0
-1;61800;RAINFOREST_RESIN;9995;20;;;;;10005;20;;;;;10000.0;680.0
-1;61800;KELP;2015;20;;;;;2018;20;;;;;2016.5;44.557373046875
-1;61900;KELP;2014;26;;;;;2017;26;;;;;2015.5;43.21435546875
-1;61900;RAINFOREST_RESIN;9995;26;;;;;9998;1;10005;26;;;9996.5;680.0
-1;62000;RAINFOREST_RESIN;9995;20;;;;;10005;20;;;;;10000.0;684.0
-1;62000;KELP;2016;1;2014;20;;;2017;20;;;;;2016.5;43.326416015625
-1;62100;KELP;2014;25;;;;;2017;25;;;;;2015.5;43.450927734375
-1;62100;RAINFOREST_RESIN;9996;2;9995;23;;;10004;2;10005;23;;;10000.0;684.0
-1;62200;RAINFOREST_RESIN;9995;25;;;;;10002;3;10005;25;;;9998.5;684.0
-1;62200;KELP;2014;25;;;;;2017;25;;;;;2015.5;43.179931640625
-1;62300;KELP;2014;22;;;;;2017;22;;;;;2015.5;43.386962890625
-1;62300;RAINFOREST_RESIN;9995;22;;;;;10005;22;;;;;10000.0;684.0
-1;62400;RAINFOREST_RESIN;9996;2;9995;23;;;10004;2;10005;23;;;10000.0;686.0
-1;62400;KELP;2014;25;;;;;2016;8;2018;25;;;2015.0;44.205810546875
-1;62500;KELP;2015;3;2014;23;;;2018;24;;;;;2016.5;44.25927734375
-1;62500;RAINFOREST_RESIN;9996;1;9995;23;;;10004;1;10005;23;;;10000.0;686.0
-1;62600;RAINFOREST_RESIN;9995;29;;;;;10005;29;;;;;10000.0;686.0
-1;62600;KELP;2015;29;;;;;2018;29;;;;;2016.5;45.168701171875
-1;62700;KELP;2015;26;;;;;2018;26;;;;;2016.5;45.089111328125
-1;62700;RAINFOREST_RESIN;9996;2;9995;24;;;10004;2;10005;24;;;10000.0;686.0
-1;62800;RAINFOREST_RESIN;9995;26;;;;;10005;26;;;;;10000.0;686.0
-1;62800;KELP;2015;25;;;;;2017;1;2019;26;;;2016.0;45.818115234375
-1;62900;KELP;2016;29;;;;;2018;1;2019;29;;;2017.0;46.8798828125
-1;62900;RAINFOREST_RESIN;9996;2;9995;27;;;9998;4;10004;2;10005;27;9997.0;686.0
-1;63000;RAINFOREST_RESIN;9995;29;;;;;10005;29;;;;;10000.0;694.0
-1;63000;KELP;2016;29;;;;;2018;4;2019;29;;;2017.0;46.98974609375
-1;63100;KELP;2016;25;;;;;2020;26;;;;;2018.0;47.9033203125
-1;63100;RAINFOREST_RESIN;9996;2;9995;24;;;10004;2;10005;24;;;10000.0;694.0
-1;63200;RAINFOREST_RESIN;9995;28;;;;;10005;28;;;;;10000.0;694.0
-1;63200;KELP;2016;28;;;;;2020;28;;;;;2018.0;47.97412109375
-1;63300;KELP;2016;32;;;;;2019;2;2020;30;;;2017.5;47.7294921875
-1;63300;RAINFOREST_RESIN;9996;2;9995;30;;;10004;2;10005;30;;;10000.0;694.0
-1;63400;RAINFOREST_RESIN;9996;2;9995;24;;;10004;2;10005;24;;;10000.0;694.0
-1;63400;KELP;2018;3;2016;26;;;2020;26;;;;;2019.0;47.85107421875
-1;63500;KELP;2016;22;;;;;2019;20;;;;;2017.5;47.5458984375
-1;63500;RAINFOREST_RESIN;9998;8;9995;20;;;10005;20;;;;;10001.5;694.0
-1;63600;RAINFOREST_RESIN;9995;21;;;;;10005;21;;;;;10000.0;694.0
-1;63600;KELP;2018;1;2016;21;;;2019;21;;;;;2018.5;47.364501953125
-1;63700;KELP;2017;8;2016;30;;;2019;2;2020;28;;;2018.0;47.727294921875
-1;63700;RAINFOREST_RESIN;9996;2;9995;28;;;10002;6;10004;2;10005;28;9999.0;694.0
-1;63800;RAINFOREST_RESIN;9996;1;9995;21;;;10004;1;10005;21;;;10000.0;694.0
-1;63800;KELP;2016;21;;;;;2018;7;2020;22;;;2017.0;47.938232421875
-1;63900;KELP;2016;21;;;;;2018;6;2020;21;;;2017.0;47.635009765625
-1;63900;RAINFOREST_RESIN;9995;21;;;;;10005;21;;;;;10000.0;694.0
-1;64000;RAINFOREST_RESIN;9998;6;9995;30;;;10005;30;;;;;10001.5;704.0
-1;64000;KELP;2016;30;;;;;2019;30;;;;;2017.5;47.440673828125
-1;64100;KELP;2016;27;;;;;2019;27;;;;;2017.5;47.441650390625
-1;64100;RAINFOREST_RESIN;9995;27;;;;;10002;6;10005;27;;;9998.5;704.0
-1;64200;KELP;2015;25;;;;;2018;25;;;;;2016.5;45.419921875
-1;64200;RAINFOREST_RESIN;9996;1;9995;24;;;10004;1;10005;24;;;10000.0;704.0
-1;64300;RAINFOREST_RESIN;9998;7;9996;1;9995;22;10004;1;10005;22;;;10001.0;710.0
-1;64300;KELP;2015;23;;;;;2018;23;;;;;2016.5;44.912353515625
-1;64400;RAINFOREST_RESIN;9998;8;9996;2;9995;27;10004;2;10005;27;;;10001.0;710.0
-1;64400;KELP;2015;31;;;;;2018;29;;;;;2016.5;45.0419921875
-1;64500;KELP;2015;29;;;;;2017;6;2018;29;;;2016.0;45.23046875
-1;64500;RAINFOREST_RESIN;9998;5;9996;2;9995;27;10004;2;10005;27;;;10001.0;710.0
-1;64600;KELP;2015;26;;;;;2018;26;;;;;2016.5;45.02490234375
-1;64600;RAINFOREST_RESIN;9995;26;;;;;10005;26;;;;;10000.0;710.0
-1;64700;RAINFOREST_RESIN;9995;28;;;;;10005;28;;;;;10000.0;710.0
-1;64700;KELP;2015;28;;;;;2018;28;;;;;2016.5;44.430419921875
-1;64800;RAINFOREST_RESIN;9996;2;9995;30;;;10004;2;10005;30;;;10000.0;710.0
-1;64800;KELP;2015;2;2014;30;;;2018;32;;;;;2016.5;44.386962890625
-1;64900;KELP;2015;31;;;;;2017;3;2018;31;;;2016.0;44.429931640625
-1;64900;RAINFOREST_RESIN;9996;2;9995;29;;;10004;2;10005;29;;;10000.0;710.0
-1;65000;KELP;2015;25;;;;;2018;25;;;;;2016.5;45.07958984375
-1;65000;RAINFOREST_RESIN;9995;25;;;;;9998;1;10005;25;;;9996.5;710.0
-1;65100;RAINFOREST_RESIN;9996;2;9995;23;;;10004;2;10005;23;;;10000.0;712.0
-1;65100;KELP;2015;25;;;;;2018;25;;;;;2016.5;44.8603515625
-1;65200;RAINFOREST_RESIN;9998;8;9995;29;;;10005;29;;;;;10001.5;718.0
-1;65200;KELP;2017;1;2015;29;;;2019;29;;;;;2018.0;45.9189453125
-1;65300;KELP;2015;21;;;;;2017;2;2018;21;;;2016.0;45.23046875
-1;65300;RAINFOREST_RESIN;9995;21;;;;;10002;3;10005;21;;;9998.5;718.0
-1;65400;KELP;2015;28;;;;;2016;3;2018;28;;;2015.5;45.431884765625
-1;65400;RAINFOREST_RESIN;9996;2;9995;26;;;10000;3;10004;2;10005;26;9998.0;720.0
-1;65500;RAINFOREST_RESIN;9996;2;9995;27;;;10004;2;10005;27;;;10000.0;720.0
-1;65500;KELP;2015;36;;;;;2018;29;;;;;2016.5;45.019287109375
-1;65600;RAINFOREST_RESIN;9998;5;9995;20;;;10005;20;;;;;10001.5;720.0
-1;65600;KELP;2015;20;;;;;2019;20;;;;;2017.0;45.662109375
-1;65700;KELP;2014;29;;;;;2018;29;;;;;2016.0;44.31201171875
-1;65700;RAINFOREST_RESIN;9995;29;;;;;10005;29;;;;;10000.0;720.0
-1;65800;KELP;2015;20;;;;;2017;7;2018;20;;;2016.0;44.498046875
-1;65800;RAINFOREST_RESIN;9998;9;9995;20;;;10005;20;;;;;10001.5;720.0
-1;65900;RAINFOREST_RESIN;9996;1;9995;23;;;10004;1;10005;23;;;10000.0;720.0
-1;65900;KELP;2015;29;;;;;2018;24;;;;;2016.5;44.89111328125
-1;66000;RAINFOREST_RESIN;9998;4;9996;2;9995;22;10004;2;10005;22;;;10001.0;720.0
-1;66000;KELP;2015;24;;;;;2018;24;;;;;2016.5;44.933837890625
-1;66100;KELP;2015;27;;;;;2018;27;;;;;2016.5;45.15576171875
-1;66100;RAINFOREST_RESIN;9996;1;9995;26;;;9998;1;10004;1;10005;26;9997.0;720.0
-1;66200;KELP;2016;5;2015;20;;;2019;20;;;;;2017.5;45.973388671875
-1;66200;RAINFOREST_RESIN;10002;1;10000;5;9995;20;10005;20;;;;;10003.5;722.0
-1;66300;RAINFOREST_RESIN;9996;1;9995;24;;;10004;1;10005;24;;;10000.0;724.0
-1;66300;KELP;2018;1;2016;2;2015;25;2019;25;;;;;2018.5;46.15576171875
-1;66400;RAINFOREST_RESIN;9995;21;;;;;9998;3;10005;21;;;9996.5;724.0
-1;66400;KELP;2015;21;;;;;2019;21;;;;;2017.0;47.16748046875
-1;66500;KELP;2015;22;;;;;2019;22;;;;;2017.0;47.1065673828125
-1;66500;RAINFOREST_RESIN;9996;2;9995;20;;;10004;2;10005;20;;;10000.0;730.0
-1;66600;KELP;2015;22;;;;;2017;3;2019;22;;;2016.0;46.8743896484375
-1;66600;RAINFOREST_RESIN;9995;22;;;;;10005;22;;;;;10000.0;730.0
-1;66700;RAINFOREST_RESIN;9998;9;9995;27;;;10005;27;;;;;10001.5;730.0
-1;66700;KELP;2014;27;;;;;2018;27;;;;;2016.0;45.9866943359375
-1;66800;RAINFOREST_RESIN;9995;30;;;;;10005;30;;;;;10000.0;730.0
-1;66800;KELP;2014;30;;;;;2018;30;;;;;2016.0;46.0853271484375
-1;66900;KELP;2017;1;2015;4;2014;23;2018;23;;;;;2017.5;46.1357421875
-1;66900;RAINFOREST_RESIN;9998;4;9995;23;;;10005;23;;;;;10001.5;730.0
-1;67000;KELP;2015;25;;;;;2018;25;;;;;2016.5;46.30908203125
-1;67000;RAINFOREST_RESIN;9996;1;9995;24;;;10004;1;10005;24;;;10000.0;730.0
-1;67100;RAINFOREST_RESIN;9995;23;;;;;10005;23;;;;;10000.0;730.0
-1;67100;KELP;2015;23;;;;;2018;23;;;;;2016.5;46.237548828125
-1;67200;RAINFOREST_RESIN;9996;2;9995;20;;;10002;3;10004;2;10005;20;9999.0;730.0
-1;67200;KELP;2015;21;;;;;2018;22;;;;;2016.5;46.43408203125
-1;67300;KELP;2015;31;;;;;2018;30;;;;;2016.5;46.486328125
-1;67300;RAINFOREST_RESIN;9995;30;;;;;9998;3;10005;30;;;9996.5;730.0
-1;67400;KELP;2015;26;;;;;2018;26;;;;;2016.5;46.780029296875
-1;67400;RAINFOREST_RESIN;9998;4;9996;1;9995;25;10004;1;10005;25;;;10001.0;736.0
-1;67500;RAINFOREST_RESIN;9995;21;;;;;10005;21;;;;;10000.0;736.0
-1;67500;KELP;2015;20;;;;;2018;21;;;;;2016.5;46.6995849609375
-1;67600;RAINFOREST_RESIN;9996;2;9995;25;;;10004;2;10005;25;;;10000.0;736.0
-1;67600;KELP;2015;27;;;;;2018;27;;;;;2016.5;46.6475830078125
-1;67700;KELP;2015;33;;;;;2018;30;;;;;2016.5;46.728515625
-1;67700;RAINFOREST_RESIN;9996;1;9995;29;;;10004;1;10005;29;;;10000.0;736.0
-1;67800;KELP;2015;38;;;;;2018;30;;;;;2016.5;46.378662109375
-1;67800;RAINFOREST_RESIN;9998;3;9995;30;;;10005;30;;;;;10001.5;736.0
-1;67900;RAINFOREST_RESIN;9995;25;;;;;10005;25;;;;;10000.0;736.0
-1;67900;KELP;2015;25;;;;;2018;25;;;;;2016.5;46.691650390625
-1;68000;RAINFOREST_RESIN;9996;2;9995;21;;;10004;2;10005;21;;;10000.0;736.0
-1;68000;KELP;2015;23;;;;;2018;23;;;;;2016.5;46.7325439453125
-1;68100;KELP;2015;31;;;;;2017;4;2018;31;;;2016.0;46.24365234375
-1;68100;RAINFOREST_RESIN;9996;2;9995;29;;;10004;2;10005;29;;;10000.0;736.0
-1;68200;KELP;2017;1;2015;31;;;2018;31;;;;;2017.5;46.4757080078125
-1;68200;RAINFOREST_RESIN;9996;2;9995;29;;;10004;2;10005;29;;;10000.0;736.0
-1;68300;RAINFOREST_RESIN;9996;1;9995;28;;;10004;1;10005;28;;;10000.0;736.0
-1;68300;KELP;2017;1;2015;29;;;2018;29;;;;;2017.5;46.3604736328125
-1;68400;RAINFOREST_RESIN;9996;2;9995;26;;;10004;2;10005;26;;;10000.0;736.0
-1;68400;KELP;2015;28;;;;;2018;28;;;;;2016.5;46.5125732421875
-1;68500;KELP;2015;23;;;;;2018;23;;;;;2016.5;46.5980224609375
-1;68500;RAINFOREST_RESIN;9995;23;;;;;10002;5;10005;23;;;9998.5;736.0
-1;68600;KELP;2015;24;;;;;2018;25;;;;;2016.5;46.5621337890625
-1;68600;RAINFOREST_RESIN;9996;1;9995;24;;;10004;1;10005;24;;;10000.0;736.0
-1;68700;RAINFOREST_RESIN;9996;1;9995;27;;;10004;1;10005;27;;;10000.0;736.0
-1;68700;KELP;2015;28;;;;;2018;28;;;;;2016.5;46.7314453125
-1;68800;RAINFOREST_RESIN;9995;22;;;;;9998;1;10005;22;;;9996.5;736.0
-1;68800;KELP;2015;22;;;;;2018;22;;;;;2016.5;46.608154296875
-1;68900;KELP;2017;1;2015;28;;;2018;28;;;;;2017.5;46.2110595703125
-1;68900;RAINFOREST_RESIN;9996;1;9995;27;;;10004;1;10005;27;;;10000.0;738.0
-1;69000;KELP;2015;30;;;;;2018;30;;;;;2016.5;46.6507568359375
-1;69000;RAINFOREST_RESIN;9996;2;9995;28;;;10004;2;10005;28;;;10000.0;738.0
-1;69100;RAINFOREST_RESIN;9998;9;9996;1;9995;30;10004;1;10005;30;;;10001.0;738.0
-1;69100;KELP;2015;30;;;;;2018;31;;;;;2016.5;46.4571533203125
-1;69200;RAINFOREST_RESIN;9996;2;9995;28;;;10004;2;10005;28;;;10000.0;738.0
-1;69200;KELP;2017;3;2015;30;;;2018;30;;;;;2017.5;46.4178466796875
-1;69300;KELP;2017;1;2015;21;;;2018;21;;;;;2017.5;46.365966796875
-1;69300;RAINFOREST_RESIN;9995;21;;;;;9998;1;10005;21;;;9996.5;738.0
-1;69400;KELP;2015;26;;;;;2018;26;;;;;2016.5;46.40625
-1;69400;RAINFOREST_RESIN;10002;1;9998;2;9996;1;10004;1;10005;25;;;10003.0;740.0
-1;69500;RAINFOREST_RESIN;9998;1;9996;2;9995;24;10004;2;10005;24;;;10001.0;742.0
-1;69500;KELP;2015;32;;;;;2018;26;;;;;2016.5;46.4456787109375
-1;69600;RAINFOREST_RESIN;9995;23;;;;;10005;23;;;;;10000.0;742.0
-1;69600;KELP;2015;22;;;;;2018;23;;;;;2016.5;46.435302734375
-1;69700;KELP;2015;21;;;;;2018;21;;;;;2016.5;46.436279296875
-1;69700;RAINFOREST_RESIN;10002;1;9996;1;9995;20;10004;1;10005;20;;;10003.0;742.0
-1;69800;KELP;2015;24;;;;;2018;24;;;;;2016.5;46.696044921875
-1;69800;RAINFOREST_RESIN;9996;1;9995;23;;;10004;1;10005;23;;;10000.0;748.0
-1;69900;RAINFOREST_RESIN;9996;2;9995;27;;;10004;2;10005;27;;;10000.0;748.0
-1;69900;KELP;2015;29;;;;;2018;29;;;;;2016.5;46.6639404296875
-1;70000;RAINFOREST_RESIN;9996;2;9995;27;;;10004;2;10005;27;;;10000.0;748.0
-1;70000;KELP;2015;29;;;;;2018;29;;;;;2016.5;46.52978515625
-1;70100;KELP;2015;23;;;;;2018;2;2019;22;;;2016.5;46.857177734375
-1;70100;RAINFOREST_RESIN;9996;2;9995;22;;;10004;2;10005;22;;;10000.0;748.0
-1;70200;KELP;2015;22;;;;;2018;22;;;;;2016.5;46.6568603515625
-1;70200;RAINFOREST_RESIN;9996;1;9995;21;;;10004;1;10005;21;;;10000.0;748.0
-1;70300;RAINFOREST_RESIN;9996;1;9995;25;;;9998;2;10004;1;10005;25;9997.0;748.0
-1;70300;KELP;2015;26;;;;;2018;26;;;;;2016.5;46.38818359375
-1;70400;RAINFOREST_RESIN;9995;26;;;;;10005;26;;;;;10000.0;752.0
-1;70400;KELP;2015;26;;;;;2017;6;2018;26;;;2016.0;46.228759765625
-1;70500;KELP;2015;23;;;;;2016;3;2017;3;2018;23;2015.5;46.433349609375
-1;70500;RAINFOREST_RESIN;9995;23;;;;;10000;3;10005;23;;;9997.5;752.0
-1;70600;RAINFOREST_RESIN;9996;1;9995;27;;;10004;1;10005;27;;;10000.0;752.0
-1;70600;KELP;2015;34;;;;;2018;28;;;;;2016.5;46.762939453125
-1;70700;KELP;2015;26;;;;;2018;26;;;;;2016.5;46.3643798828125
-1;70700;RAINFOREST_RESIN;9995;26;;;;;10005;26;;;;;10000.0;756.0
-1;70800;RAINFOREST_RESIN;10002;1;9995;27;;;10005;27;;;;;10003.5;756.0
-1;70800;KELP;2015;26;;;;;2018;27;;;;;2016.5;46.503662109375
-1;70900;KELP;2015;32;;;;;2018;32;;;;;2016.5;46.5247802734375
-1;70900;RAINFOREST_RESIN;9996;2;9995;30;;;10004;2;10005;30;;;10000.0;758.0
-1;71000;RAINFOREST_RESIN;9996;1;9995;29;;;10002;5;10004;1;10005;29;9999.0;758.0
-1;71000;KELP;2015;30;;;;;2018;30;;;;;2016.5;46.483642578125
-1;71100;KELP;2015;22;;;;;2018;22;;;;;2016.5;46.51318359375
-1;71100;RAINFOREST_RESIN;9998;9;9996;1;9995;21;10004;1;10005;21;;;10001.0;758.0
-1;71200;RAINFOREST_RESIN;10002;1;9996;1;9995;28;10004;1;10005;28;;;10003.0;758.0
-1;71200;KELP;2015;28;;;;;2018;29;;;;;2016.5;46.4808349609375
-1;71300;KELP;2015;28;;;;;2017;4;2018;28;;;2016.0;46.3138427734375
-1;71300;RAINFOREST_RESIN;9996;2;9995;26;;;10002;4;10004;2;10005;26;9999.0;760.0
-1;71400;RAINFOREST_RESIN;9996;2;9995;24;;;10002;3;10004;2;10005;24;9999.0;760.0
-1;71400;KELP;2015;26;;;;;2018;26;;;;;2016.5;46.2611083984375
-1;71500;KELP;2015;25;;;;;2018;28;;;;;2016.5;46.58740234375
-1;71500;RAINFOREST_RESIN;10002;1;9996;2;9995;26;10004;2;10005;26;;;10003.0;760.0
-1;71600;RAINFOREST_RESIN;9996;1;9995;27;;;9998;3;10004;1;10005;27;9997.0;762.0
-1;71600;KELP;2014;28;;;;;2018;28;;;;;2016.0;46.00390625
-1;71700;KELP;2014;31;;;;;2016;4;2018;31;;;2015.0;46.0244140625
-1;71700;RAINFOREST_RESIN;9996;2;9995;29;;;10004;2;10005;29;;;10000.0;768.0
-1;71800;RAINFOREST_RESIN;10002;1;9996;2;9995;25;10004;2;10005;25;;;10003.0;768.0
-1;71800;KELP;2014;27;;;;;2018;27;;;;;2016.0;51.203125
-1;71900;KELP;2014;26;;;;;2018;26;;;;;2016.0;50.39453125
-1;71900;RAINFOREST_RESIN;10002;1;9996;1;9995;25;10004;1;10005;25;;;10003.0;770.0
-1;72000;RAINFOREST_RESIN;9996;1;9995;20;;;10004;1;10005;20;;;10000.0;772.0
-1;72000;KELP;2015;21;;;;;2017;6;2018;21;;;2016.0;53.875
-1;72100;KELP;2014;21;;;;;2016;5;2018;21;;;2015.0;51.3779296875
-1;72100;RAINFOREST_RESIN;9995;21;;;;;10005;21;;;;;10000.0;772.0
-1;72200;RAINFOREST_RESIN;9996;2;9995;29;;;10004;2;10005;29;;;10000.0;772.0
-1;72200;KELP;2016;3;2014;31;;;2018;31;;;;;2017.0;50.4306640625
-1;72300;KELP;2014;23;;;;;2018;23;;;;;2016.0;51.490234375
-1;72300;RAINFOREST_RESIN;9996;1;9995;22;;;10002;8;10004;1;10005;22;9999.0;772.0
-1;72400;RAINFOREST_RESIN;10002;1;9996;2;9995;20;10004;2;10005;20;;;10003.0;772.0
-1;72400;KELP;2014;22;;;;;2016;6;2018;22;;;2015.0;50.71875
-1;72500;KELP;2014;34;;;;;2017;27;;;;;2015.5;48.7333984375
-1;72500;RAINFOREST_RESIN;9996;2;9995;25;;;10004;2;10005;25;;;10000.0;774.0
-1;72600;RAINFOREST_RESIN;9996;2;9995;27;;;10004;2;10005;27;;;10000.0;774.0
-1;72600;KELP;2014;35;;;;;2015;4;2017;29;;;2014.5;49.689453125
-1;72700;KELP;2014;23;;;;;2017;23;;;;;2015.5;49.2255859375
-1;72700;RAINFOREST_RESIN;9995;23;;;;;10005;23;;;;;10000.0;774.0
-1;72800;RAINFOREST_RESIN;9995;20;;;;;10005;20;;;;;10000.0;774.0
-1;72800;KELP;2014;20;;;;;2017;20;;;;;2015.5;49.375
-1;72900;KELP;2014;24;;;;;2017;24;;;;;2015.5;49.1923828125
-1;72900;RAINFOREST_RESIN;9998;1;9996;2;9995;22;10004;2;10005;22;;;10001.0;774.0
-1;73000;RAINFOREST_RESIN;9996;1;9995;21;;;10002;7;10004;1;10005;21;9999.0;774.0
-1;73000;KELP;2014;21;;;;;2016;2;2017;22;;;2015.0;49.578125
-1;73100;KELP;2014;31;;;;;2017;31;;;;;2015.5;48.91064453125
-1;73100;RAINFOREST_RESIN;9996;2;9995;29;;;10002;3;10004;2;10005;29;9999.0;774.0
-1;73200;KELP;2014;21;;;;;2017;21;;;;;2015.5;48.45263671875
-1;73200;RAINFOREST_RESIN;9995;21;;;;;10005;21;;;;;10000.0;774.0
-1;73300;RAINFOREST_RESIN;9996;1;9995;29;;;10004;1;10005;29;;;10000.0;774.0
-1;73300;KELP;2014;30;;;;;2017;30;;;;;2015.5;48.005859375
-1;73400;RAINFOREST_RESIN;9995;30;;;;;9998;1;10005;30;;;9996.5;774.0
-1;73400;KELP;2014;30;;;;;2016;4;2017;30;;;2015.0;48.3681640625
-1;73500;KELP;2014;25;;;;;2017;25;;;;;2015.5;48.650390625
-1;73500;RAINFOREST_RESIN;9996;2;9995;23;;;10004;2;10005;23;;;10000.0;776.0
-1;73600;KELP;2014;25;;;;;2017;25;;;;;2015.5;48.7333984375
-1;73600;RAINFOREST_RESIN;9996;1;9995;24;;;10004;1;10005;24;;;10000.0;776.0
